4300 6259
1224 497 1576 545 numano
1617 499 1681 545 IN
1720 496 1858 545 cAP.
1903 498 1927 545 1
1966 499 2243 547 JoANNIS.
2287 518 2369 533 —
2408 502 2549 550 ΛΒΤ.
2595 503 2664 549 111

3373 487 3493 551 277

382 666 645 749 piorum
673 669 893 749 gratiae
923 687 1054 732 suae
1084 669 1295 731 lucem
1326 668 1655 745 diffundit,
1690 677 1753 731 et
1782 688 1895 751 per
1923 668 1971 729 A
2003 673 2456 753 comprehendi
2521 694 2646 738 uon
2708 675 2892 739 valet.
2952 676 3128 739 Unde
3185 677 3304 741 boc
3359 686 3494 741 mo'-

381 766 833 848 praedicatores
879 767 1106 830 fideles
1157 767 1526 831 hominibus
1567 769 1890 831 excaecatis

376 884 455 927 ac
516 865 810 948 reprobis
878 866 1097 929 lumen
1168 867 1529 931 christiana>
1590 868 1891 930 doctrinae

379 965 708 1046 proponit.
746 964 950 1029 Potest
979 984 1239 1047 quoque
1272 984 1386 1048 per
1416 966 1725 1043 tenebraS,
1758 985 1891 1029 om-

376 1062 483 1124 nis
543 1072 833 1126 creatura
889 1063 1339 1126 intellectualis
1399 1063 1692 1145 intelligi,
1746 1084 1889 1146 quae

377 1162 859 1243 comparatione
908 1163 1070 1225 lucis
1121 1163 1376 1237 divinae,
1430 1164 1639 1245 potius
1702 1182 1890 1245 repu-

380 1268 553 1323 tatur
602 1262 806 1343 caligo
852 1280 1047 1344 quam
1095 1262 1226 1325 lux.
1274 1262 1535 1344 Propter
1583 1264 1755 1344 quod
1802 1262 1890 1324 ait

2004 771 2083 832 do
2116 771 2276 833 Deus
2317 780 2412 834 cst
2452 782 2576 835 tam
2616 775 3281 858 incomprehensibilis
3319 776 3494 839 omni

2002 877 2326 945 creaturae,
2379 872 2566 933 etiam
2613 872 2856 936 Sanctis
2906 874 2972 935 in
3027 875 3250 956 patria,
3300 894 3492 956 quam

2000 967 2351 1031 immensus
2379 988 2390 1031 :
2419 970 2560 1034 ideo
2589 972 2709 1035 hoc
2743 974 2928 1035 modo
2958 973 3095 1055 ipse
3127 974 3297 1036 solus
3328 991 3496 1036 com-

2000 1067 2339 1147 prehendit
2377 1086 2444 1129 se
2484 1070 2718 1151 ipsum.
2753 1071 3040 1134 Secunda
3082 1080 3177 1134 est
3215 1090 3496 1155 compre-

2000 1165 2223 1228 hensio
2262 1166 2445 1229 clarae
2477 1168 2761 1243 visioniS,
2795 1186 2924 1252 qua
2962 1171 3234 1233 essentia
3273 1171 3365 1232 rei
3395 1188 3495 1233 ve-

2000 1282 2067 1325 re
2097 1266 2507 1347 conspicitur.
2531 1267 2605 1329 Et
2635 1270 2720 1331 ita
2747 1269 2917 1332 Beati
2947 1270 3495 1352 comprehendunt

2000 1362 2221 1438 Deum,
2257 1383 2450 1446 quem
2493 1366 2651 1428 facie
2691 1370 2768 1430 ad
2798 1368 3026 1431 faciem
3059 1376 3439 1432 contuentur
3471 1388 3485 1431 ε
3545 1392 3784 1445 icor-‚aun

3521 1456 3590 1500 η.

2000 1470 2263 1543 propter
2319 1466 2486 1545 quod
2547 1467 3108 1548 comprehensores
3167 1467 3488 1529 dicuntur.

2000 1558 2206 1622 Tertia
2255 1571 2348 1624 est
2397 1565 2881 1645 comprehensio
2935 1574 3120 1628 certae
3170 1566 3495 1629 adhaeren-

2000 1658 2102 1721 tiae
2154 1678 2266 1741 per
2308 1660 2526 1737 fidem,
2561 1670 2750 1745 atque
2803 1664 3066 1727 sincerae
3114 1664 3492 1728 adhaesionis

2002 1776 2115 1839 per
2143 1759 2489 1823 caritatem.
2516 1761 2618 1823 Sic
2647 1762 2916 1825 viatores
2946 1764 3496 1845 comprehendunt

382 1855 621 1916 derunt
646 1855 876 1917 Jesum.
901 1854 977 1917 Et
1005 1855 1071 1916 in
1101 1854 1365 1917 Actibus
1398 1855 1697 1937 princeps
1727 1854 1891 1936 Apo-
1926 1854 1971 1916 B
2002 1856 2198 1919 Deum
2251 1877 2264 1921 ε
2317 1861 2488 1940 quod
2539 1862 2736 1941 magis
2789 1862 3048 1944 proprie
3101 1862 3336 1925 dicitur
3383 1882 3496 1945 ap-

68 1371 141 1412 1²⁸-
158 1372 347 1421 mam-
380 1358 721 1422 Psalmista
752 1379 765 1423 ε
800 1360 963 1423 Deus
1004 1379 1207 1435 meuS,
1253 1361 1548 1424 illumina
1596 1360 1887 1423 tenebras

383 1478 584 1521 meas,

470 1562 555 1620 Ec
597 1560 866 1620 tenebrae
904 1579 1046 1619 eam
1085 1578 1217 1619 non
1246 1562 1884 1636 comprehenderunt.

64 1668 357 1721 amma,
382 1655 559 1717 Infra
604 1656 695 1718 ait
735 1655 798 1718 S.
840 1657 1133 1731 JoanneS,
1176 1658 1348 1738 quod
1399 1657 1622 1720 cohors
1672 1665 1735 1719 et
1782 1658 1892 1719 tri-

76 1734 145 1775 ¹²·
384 1754 603 1817 hunus
646 1762 713 1817 et
750 1756 1031 1818 ministri
1071 1756 1429 1819 Judaeorum
1477 1756 1893 1837 comprehen-

81 1970 231 2020 Aem,
253 1972 325 2013 ιο.
382 1953 695 2021 stolorum
737 1954 825 2015 ait
855 1954 933 2016 de
958 1953 1118 2015 Juda
1151 1972 1164 2016 :
1198 1952 1316 2025 Qui
1356 1952 1478 2015 fuit
1508 1954 1636 2015 dux
1668 1972 1890 2016 eorum

382 2053 501 2134 qui
564 2053 1192 2135 comprehenderunt
1250 2051 1487 2114 Jesum.
1548 2052 1769 2115 Nonne
1830 2060 1892 2115 et

382 2152 489 2214 isti
534 2151 813 2215 tenebrae
851 2152 1252 2225 exstiterunt,
1286 2150 1523 2232 quibus
1564 2151 1723 2213 dixit
1759 2151 1891 2213 Sal-

94 2257 189 2301 an
235 2270 348 2307 xxu,
382 2258 587 2326 vator,
622 2250 767 2313 Haec
808 2258 905 2312 est
942 2251 1098 2313 hora
1138 2256 1345 2313 vestra
1382 2256 1444 2312 et
1488 2257 1762 2332 potestas
1810 2258 1891 2312 te-

68 2322 137 2361 ⁵3.
193 2290 205 2301 .

84 3454 239 3510 epha.
252 3456 345 3505 νβ.

380 2349 787 2413 nebrarum3
836 2348 1159 2421 Quomodo
1218 2366 1367 2429 ergo
1425 2347 1705 2411 tenebrae
1763 2368 1889 2411 nou

378 2450 1013 2531 comprehenderunt
1060 2449 1224 2510 hanc
1282 2447 1549 2509 lucem?
1602 2447 1721 2510 Sed
1772 2449 1891 2511 hoc

379 2547 694 2611 facillime
737 2548 1028 2622 solvitur,
1062 2546 1365 2628 quoniam
1404 2546 1515 2607 illa
1553 2547 1630 2608 de
1669 2566 1892 2629 corpo—

380 2646 503 2709 rali
543 2645 1115 2729 comprehensione
1146 2645 1376 2708 Christi
1420 2645 1885 2726 intelliguntur,

380 2765 559 2808 nunc
600 2752 815 2807 autem
854 2745 931 2807 de
964 2744 1280 2825 spirituali
1321 2743 1890 2825 comprehensione

382 2845 463 2907 fit
508 2862 743 2907 sermo.

464 2943 704 3005 Verum
734 2950 889 3004 tunc
922 2960 1141 3003 rursus
1173 2942 1440 3023 quaestio
1472 2941 1695 3016 oritur,
1731 2960 1892 3023 quo-

2001 1956 2394 2036 prehendere
2442 1976 2636 2038 quam
2686 1960 3246 2041 comprehendere.
3301 1959 3496 2022 Tene-

1998 2052 2129 2115 brae
2169 2072 2337 2135 ergo,
2373 2055 2436 2117 id
2483 2063 2578 2117 est
2625 2066 3008 2139 peccatoreS,
3044 2059 3196 2141 quia
3242 2060 3308 2121 in
3361 2060 3493 2122 suis

1999 2152 2260 2213 malitiis
2310 2163 2818 2234 permanserunt,
2859 2156 3037 2220 nullo
3085 2158 3314 2221 horum
3364 2176 3498 2223 mo-

2000 2250 2226 2313 dorum
2277 2253 2899 2333 comprehenderunt
2929 2256 3174 2323 ,Jesum.
3222 2256 3337 2329 Qui
3387 2277 3498 2319 au-

2001 2356 2126 2421 tem
2161 2350 2450 2412 conversi
2491 2360 2662 2427 sunt,
2695 2355 3316 2435 comprehenderunt
3347 2374 3497 2417 eum

1999 2448 2186 2510 tertio
2227 2449 2440 2511 modo.

2083 2546 2388 2629 Denique,
2420 2548 2600 2629 juxta
2640 2549 2992 2612 doctrinam
3032 2552 3241 2632 magni
3273 2552 3501 2635 Diony-

2004 2645 2104 2719 sii,
2140 2645 2302 2707 Deus
2353 2655 2755 2729 comparatur
2795 2649 2912 2711 soli
2955 2650 3288 2713 materiali.
3322 2650 3498 2713 Unde

2004 2750 2067 2805 et
2123 2743 2287 2806 Deus
2345 2744 2448 2807 Sol
2510 2745 2944 2827 intelligentiae
2990 2754 3181 2830 atque
3236 2748 3498 2830 justitiae
3527 2767 3684 2875 3:12
3685 2768 3792 2881 Le

2002 2842 2361 2925 appellatur
2395 2862 2409 2905 ε
2443 2844 2746 2925 quoniam
2787 2845 2951 2907 sicut
2990 2845 3083 2909 sol
3124 2847 3243 2909 iste
3282 2847 3501 2910 visibi-

2002 2939 2081 3002 lis
2125 2940 2423 3003 universa
2454 2960 2585 3005 suae
2614 2941 2776 3004 lucis
2813 2944 3178 3026 susceptiva
3213 2945 3494 3022 irradiat,
3528 2897 3571 2940 ς’

380 3043 577 3105 modo
606 3041 889 3104 tenebrae
917 3059 1044 3103 non
1078 3040 1700 3122 comprehenderunt
1727 3041 1889 3103 hanc
1920 3034 1964 3099 C
1999 3047 2192 3121 atque
2241 3040 2523 3120 ingenita
2573 3042 2849 3123 propriae
2895 3043 3056 3105 lucis
3100 3045 3502 3126 plenitudine

380 3141 623 3203 lucem.
656 3120 833 3201 Multi
883 3137 1056 3201 enim
1103 3138 1181 3199 ad
1232 3136 1552 3201 Christum
1600 3140 1888 3202 conversi

380 3246 560 3313 sunt,
594 3256 876 3319 eumque
927 3256 1041 3320 per
1082 3236 1301 3311 fidem,
1338 3255 1519 3318 spem
1568 3245 1632 3300 et
1668 3238 1891 3307 carita-

376 3348 515 3403 tem
555 3337 1180 3420 comprehenderunt
1212 3355 1225 3398 :
1261 3334 1496 3417 quibus
1535 3336 1688 3398 dicit
1726 3336 1891 3418 Apo-

377 3439 611 3512 stoluS,
674 3434 906 3498 Fuistis
962 3434 1307 3516 aliquando
1364 3434 1663 3509 tenebrae,
1721 3454 1891 3497 nunc

378 3546 605 3601 autem
654 3536 766 3598 lux
816 3534 881 3597 in
922 3533 1209 3597 Domino.
1263 3531 1381 3595 Sed
1435 3552 1652 3595 rursus
1700 3553 1892 3616 appa-

290 3668 297 3686 ·
382 3644 485 3699 ret
514 3634 910 3718 oppositum.
943 3632 1021 3695 Ut
1050 3631 1223 3693 enim
1262 3649 1409 3694 mox
1440 3632 1887 3712 subjungetur,

106 3762 217 3793 vers.
248 3752 317 3793 18.

92 4632 241 4677 Ιοωιιι.
256 4649 327 4677 vm

96 4700 155 4741 ³7.

118 4833 230 4878 Ibid.
256 4838 323 4878 ¹9.

378 3737 589 3799 Deum
639 3751 829 3796 nemo
878 3730 1037 3794 vidit
1085 3748 1370 3811 unquam
1424 3749 1438 3792 t
1493 3748 1641 3811 ergo
1692 3731 1892 3794 multo

374 3834 667 3917 amplius
725 3832 925 3893 Deum
986 3848 1172 3892 nemo
1230 3828 1711 3911 comprehendit
1772 3849 1892 3891 un-

378 3952 608 4017 quam,
642 3950 846 4013 quum
886 3928 1240 4012 spiritualis
1283 3928 1770 4009 comprehensio
1812 3928 1895 3990 sit

378 4030 880 4116 perfectissima,
913 4029 1165 4090 interna
1211 4046 1283 4089 ac
1331 4025 1557 4088 intima
1605 4026 1785 4089 visio.
1821 4026 1896 4088 Et

378 4130 931 4213 respondendum,
981 4127 1155 4208 quod
1204 4124 1607 4205 Evangelista
1658 4126 1736 4187 ad
1794 4125 1896 4187 lit-

2005 3140 2407 3220 naturalique
2466 3142 2872 3222 proprietate,
2919 3142 3057 3205 sine
3118 3144 3504 3225 praeratioci-

2006 3238 2260 3301 natione
2317 3256 2390 3299 ac
2447 3239 2682 3319 praevia
2737 3239 3212 3316 deliberatione,
3276 3250 3504 3305 cuncta

2004 3337 2310 3419 disposita
2340 3356 2455 3399 sua
2483 3337 2765 3400 claritate
2798 3338 3140 3420 perfundit,
3174 3350 3357 3404 ornat
3386 3342 3506 3404 im-

2008 3436 2289 3517 pletque,
2323 3444 2386 3499 et
2425 3435 2476 3497 si
2518 3435 2674 3517 quid
2714 3444 2809 3499 est
2857 3439 3029 3519 quod
3071 3458 3197 3503 non
3229 3440 3506 3503 illustra-

2003 3542 2108 3596 tur
2149 3535 2268 3597 hoc
2317 3535 2585 3609 lumine,
2619 3536 2740 3597 hoc
2785 3554 2911 3598 non
2951 3544 3046 3598 est
3082 3555 3159 3598 ex
3201 3538 3351 3602 solis
3401 3541 3506 3602 de-

2002 3633 2196 3707 fectu,
2252 3633 2360 3695 sed
2410 3651 2486 3694 ex
2539 3634 2796 3716 propria
2844 3633 3364 3717 indispositione;
3410 3638 3503 3701 sic

2003 3732 2166 3794 Deus
2216 3731 2511 3794 sublimis
2560 3739 2622 3793 et
2670 3731 3064 3809 benedictus,
3117 3752 3195 3796 ex
3246 3738 3504 3817 propria

2002 3830 2303 3894 bonitatis
2349 3830 2602 3892 infinita
2642 3831 3060 3912 plenitudine,
3096 3834 3367 3897 naturali
3408 3834 3506 3896 in-

2004 3929 2367 4003 clinatione,
2402 3936 2466 3990 et
2506 3928 3148 4011 superliberalissima
3181 3940 3372 4013 atque
3408 3934 3504 4015 pi-

2004 4027 2224 4089 issima
2281 4026 2950 4103 communicabilitate,
3003 4048 3258 4092 omnem
3319 4032 3504 4095 intel-

2004 4126 2339 4188 lectualem
2385 4132 2736 4188 creaturam
2789 4126 3128 4203 illuminat,
3165 4128 3390 4212 implet
3431 4150 3504 4194 ac

376 4241 589 4295 teram
650 4227 827 4309 loqui
879 4227 1131 4290 videtur
1177 4226 1255 4287 de
1310 4224 1739 4288 obtenebratis
1792 4226 1895 4287 Ju-
1924 4228 1975 4289 D
2004 4224 2282 4308 perficit,
2334 4225 2385 4286 si
2444 4224 2640 4286 fuerit
2687 4244 2884 4307 capax
2933 4234 3124 4308 atque
3173 4228 3498 4311 disposita.

376 4329 565 4403 daeiS,
599 4334 661 4389 et
691 4324 1261 4407 comprehensione
1292 4322 1519 4385 Christi
1553 4341 1667 4404 per
1696 4322 1891 4384 fidem

376 4436 447 4491 et
496 4426 848 4489 caritatem.
887 4422 991 4485 Sic
1036 4422 1209 4483 enim
1259 4421 1551 4483 excaecati
1601 4428 1664 4483 et
1712 4422 1896 4483 indu-

378 4527 513 4589 rati
568 4522 765 4586 Judaei
825 4521 1145 4585 Christum
1206 4539 1330 4583 non
1394 4521 1892 4601 comprehende-

334 4668 347 4685 ,
380 4631 567 4689 runt.
609 4622 788 4684 Unde
835 4620 1121 4683 Salvator
1166 4620 1245 4681 ad
1297 4638 1403 4682 eos
1448 4639 1461 4681 :
1506 4618 1724 4682 Sermo
1770 4620 1896 4698 (in-

378 4722 565 4808 quit)
594 4738 777 4783 meus
817 4736 943 4782 non
983 4717 1153 4800 capit
1188 4717 1254 4779 in
1296 4716 1507 4797 vobis3
1541 4724 1604 4779 et
1634 4717 1889 4793 iterum,

376 4824 613 4905 Neque
656 4837 761 4883 me
802 4818 1000 4892 scitis,
1044 4834 1253 4899 neque
1295 4816 1539 4878 Patrem
1586 4834 1821 4879 meum.

470 4922 805 4995 Praeterea,
850 4915 1191 4998 multiplex
1239 4922 1337 4977 est
1383 4915 1889 4996 comprehensio.

376 5022 601 5087 Prima
644 5026 745 5081 est
782 5014 1267 5099 comprehensio
1314 5013 1735 5087 terminativa,
1768 5034 1896 5096 qua

380 5140 495 5186 res
546 5118 901 5181 secundum
958 5132 1027 5176 se
1081 5121 1276 5177 totam
1326 5112 1593 5195 capitur,
1647 5113 1896 5176 videtur

382 5220 533 5285 sive
588 5214 1013 5297 cognoscitur,
1067 5220 1193 5275 tam
1255 5211 1535 5293 perfecte
1585 5212 1751 5274 sicut
1798 5232 1899 5275 co·-

378 5314 771 5403 gnoscibilis
818 5319 935 5375 est.
970 5310 1201 5393 Sicque
1249 5308 1578 5372 infinitum
1627 5329 1664 5372 a
1710 5310 1897 5373 finito

2004 4323 2179 4396 Quod
2211 4324 2262 4385 si
2294 4324 2510 4404 aliqua
2537 4342 2662 4386 non
2695 4324 3069 4401 illustratur,
3101 4327 3220 4389 hoc
3251 4335 3346 4389 est
3373 4348 3500 4393 non

2003 4440 2081 4484 ex
2129 4430 2308 4504 parte
2354 4422 2484 4497 Dei,
2540 4422 2648 4483 sed
2702 4422 2782 4485 ob
2845 4424 3168 4506 propriam
3227 4426 3501 4508 indigni-

2001 4528 2194 4584 tatem
2245 4539 2317 4582 ac
2368 4520 2785 4583 aversionem.
2839 4520 3134 4593 Quamvis
3183 4524 3354 4587 enim
3414 4527 3498 4590 sit

2000 4620 2166 4681 Deus
2217 4618 2458 4700 ubique
2499 4618 2797 4681 omnibus
2835 4620 3164 4683 verissime
3216 4641 3495 4705 praesens

2002 4736 2074 4780 ac
2104 4716 2390 4789 intimuS‚
2426 4716 2627 4778 nihilo
2657 4716 2870 4778 minus
2913 4717 3236 4799 passiones
3265 4728 3496 4785 nostrae

2002 4824 2066 4878 et
2095 4816 2249 4879 vitia
2287 4823 2579 4896 separant
2619 4834 2732 4877 nos
2770 4814 2850 4877 ab
2890 4833 2987 4890 θο,
3024 4824 3091 4877 ut
3129 4836 3243 4899 per
3269 4818 3492 4882 Isaiam

2003 4914 2329 4977 inducitur
2380 4932 2393 4975 :
2445 4912 2813 4993 iniquitates
2862 4921 3084 4977 vestrae
3139 4916 3494 4983 diviserunt
3538 4944 3764 4997 tauxa.

2004 5014 2171 5075 inter
2216 5012 2414 5074 Deum
2463 5018 2741 5074 vestrum
2792 5019 2854 5073 et
2902 5030 3033 5074 vos.
3077 5012 3224 5087 Quae
3271 5017 3494 5099 utique

2004 5110 2365 5193 impediunt
2414 5128 2526 5173 nos
2565 5129 2601 5171 a
2643 5110 3004 5191 receptione
3047 5114 3266 5192 gratiae
3311 5123 3374 5177 et
3421 5118 3496 5179 il-

2004 5209 2396 5273 lustrationis
2441 5209 2692 5281 divinae‚
2727 5210 3077 5271 secundum
3120 5214 3291 5293 quod
3327 5214 3530 5279 Jerem

2006 5308 2166 5371 mias
2214 5315 2480 5370 testatur
2525 5326 2539 5370 t
2593 5307 2848 5370 Peccata
2894 5312 3495 5393 vestra'prohibue-
3535 5338 3694 5395 πων.
3717 5340 3790 5385 25·
