4300 6259
847 485 934 549 22
1657 504 3157 554 mammam.xttcz.—m.xxvm

849 675 952 737 his
1007 676 1122 757 qui
1181 678 1456 740 oderam
1511 698 1646 741 vos.
1705 678 1884 740 sude
1937 678 2351 740 manifestum
2380 680 2429 739 A
2460 680 2833 759 penduntur
2866 678 3085 741 officia
3118 698 3137 741 :
3176 680 3331 760 quia
3366 688 3429 739 et
3470 679 3609 761 ipse
3646 679 3949 742 Dominus

849 783 968 847 est,
1021 774 1142 837 hoc
1191 786 1508 858 pracepto
1553 795 1686 857 quo
1731 777 2040 856 jubemur
2083 777 2353 856 diligere
2460 786 2677 839 noster
2708 778 2891 838 Iesus
2930 779 3219 839 Christus
3258 779 3619 859 proximum
3660 787 3947 840 nostrum

849 873 1238 954 proximum,
1269 876 1460 937 etiam
1499 886 1742 937 sanctus
1777 875 2036 955 angelos
2075 876 2353 937 contine
2460 875 2587 935 dici
2638 893 2709 935 se
2756 875 2981 937 voluit.
3032 876 3403 955 significans
3460 896 3531 937 se
3574 876 3949 939 subvenisse

849 970 930 1045 ri,
961 990 1000 1032 a
1027 972 1268 1055 quibus
1309 980 1482 1035 tanta
1517 973 1702 1036 nobis
1742 974 2199 1036 misericordia
2234 974 2355 1035 im-
2460 974 2775 1035 semivivo
2812 974 3049 1053 jacenti
3094 976 3161 1034 in
3204 975 3329 1035 via.

1841 1404 2499 1493 ARTICIJLL’S
2570 1406 2957 1490 XXVIII

1041 1684 1426 1731 mm
1465 1683 1746 1729 ml
1787 1682 2006 1728 PAmS
2047 1681 2236 1727 atses
2276 1680 2557 1727 mnu-1
2596 1681 2829 1741 Dm,
2872 1684 3141 1729 8811]OE
3182 1686 3199 1729 :
3244 1685 3537 1731 mm
3574 1687 3750 1731 mes

1983 1779 2050 1824 18
2089 1779 2385 1833 01:001)ss
2426 1778 2803 1825 mm.

983 2059 1320 2133 tlDQUD
1375 2060 1664 2123 Christus
1725 2060 1922 2141 gessit
1983 2060 2050 2120 in
2111 2076 2337 2139 eorpo-
2374 2053 2425 2115 Β
2540 2062 2627 2121 ΕΙ
2676 2045 2913 2120 mulier
2956 2066 3257 2141 quet-clam
3304 2066 3575 2124 Martha
3620 2065 3881 2123 nomine
3926 2080 3951 2121 .·

1003 2178 1094 2233 re,
1149 2160 1466 2241 mysteriis
1517 2158 1780 2241 plenum
1827 2167 1946 2230 est,
1995 2165 2060 2219 et
2111 2166 2341 2219 nostras
2448 2177 2644 2237 quam
2704 2159 2907 2240 aliqui
2973 2170 3197 2241 putant
3260 2160 3461 2222 fuisse
3524 2161 3699 2223 illam
3754 2180 3945 2242 quam

835 2258 1336 2322 conversationis
1375 2256 1878 2321 informativum.
1919 2255 1996 2317 Et
2033 2256 2339 2337 quoniam
2450 2254 2737 2317 Christus
2763 2278 2802 2318 a
2830 2260 3159 2339 sanguinis
3188 2260 3437 2321 curavit
3466 2259 3824 2340 profluvio:
3848 2278 3949 2321 cu-

835 2356 1126 2419 Christus
1165 2356 1342 2417 venit
1387 2364 1513 2417 tam
1555 2356 1780 2418 activae
1818 2374 2014 2437 quam
2057 2362 2343 2418 contem-
2446 2354 2555 2433 jus
2591 2358 2957 2437 oppositum
2998 2377 3193 2439 supra
3228 2359 3381 2419 satis
3426 2359 3759 2441 probatum
3798 2368 3893 2420 est
3926 2378 3943 2431 ;
3974 2380 4229 2429 haenau.
4273 2334 4274 2339 ἵ

841 2456 1096 2538 plativae
1129 2456 1274 2517 vitae
1303 2455 1593 2516 instituta
1619 2456 1868 2527 docere,
1901 2474 2073 2516 nunc
2101 2454 2339 2515 lactum
2448 2458 2699 2531 arc-epit
2730 2458 2923 2515 illum
2958 2459 3026 2517 in
3058 2461 3323 2517 donnum
3348 2479 3561 2519 suam.
3595 2458 3737 2539 lpsa
3763 2458 3947 2539 quip-

839 2554 1162 2635 quoddam
1201 2553 1406 2635 ipsius
1442 2554 1848 2626 describitur,
1883 2552 1950 2614 in
1989 2571 2122 2633 quo
2157 2550 2340 2613 brevi
2453 2570 2535 2633 pe
2572 2554 2867 2634 specialis
2904 2557 3145 2616 exstitit
3194 2557 3445 2637 hospita
3490 2557 3719 2619 Christi
3754 2576 3769 2619 :
3803 2576 3947 2640 pro-

841 2652 1102 2733 eloquio
1149 2652 1484 2733 utriusque
1531 2652 1678 2713 vita&
1723 2652 2195 2713 distinctionem
2242 2669 2345 2711 os-

845 2750 1072 2811 tendit.
1103 2748 1304 2812 Lums
1343 2759 1552 2811 tamen
1591 2751 1712 2813 hoc
1748 2751 1890 2813 loco
1916 2750 2208 2813 ordinem
2246 2747 2345 2809 hi—

850 2850 1062 2911 storiae
1101 2867 1228 2911 non
1269 2848 1586 2911 observat.

645 2956 720 3013 ³8
931 2950 1208 3009 Factum
1241 2958 1334 3008 est
1369 2958 1616 3019 autem,
1641 2950 1802 3009 dum
1841 2950 2014 3008 irent
2053 2946 2235 3009 Iesus
2282 2953 2343 3006 et

849 3046 992 3127 ejus
1029 3046 1346 3128 discipuli,
1375 3048 1458 3107 de
1487 3047 1626 3111 loco
1657 3048 1736 3109 ad
1767 3047 1996 3120 locum,
2028 3048 2108 3109 ad
2145 3044 2349 3127 pluri-

852 3163 1102 3207 morum
1149 3145 1656 3219 instructionem,
1685 3156 1748 3205 et
1785 3149 1922 3223 ipse
1953 3146 2235 3205 intravit
2273 3146 2343 3201 in

569 3262 812 3319 ‘origu-
849 3246 1178 3324 quoddam
1225 3248 1580 3305 castellum.
1631 3244 1810 3307 Circa
1855 3245 2028 3325 quod
2077 3242 2285 3304 Beda’

851 3342 1054 3423 nujus
1097 3342 1366 3424 (inquit)
1411 3342 1650 3405 castelli
1710 3362 1942 3405 nomen
1992 3342 2193 3403 Lucas
2240 3341 2347 3403 hic

849 3446 1034 3514 tacet,
1068 3442 1178 3502 sed
1203 3441 1474 3503 loannes
1509 3442 1836 3523 exprimit,
1871 3460 2101 3503 vocans
2132 3440 2347 3521 ipsum

583 3554 790 3597 soa-‚1
761 3567 822 3603 ιι,
849 3538 1238 3601 Bethaniam.
1261 3538 1364 3601 Sic
1393 3539 1566 3601 enim
1595 3540 1720 3601 ait:
1747 3540 1894 3600 Erat
1920 3540 2185 3620 quidam
2216 3537 2351 3599 lan-

559 3622 600 3661 ¹’
847 3656 1052 3719 gueus
1085 3638 1354 3700 laurus
1390 3656 1429 3700 a
1465 3638 1786 3712 Bethania,
1818 3639 1897 3700 de
1934 3636 2193 3700 castello
2230 3636 2350 3698 Ma-

853 3738 964 3800 riae
1007 3744 1072 3799 et
1115 3736 1389 3800 Marthae.
1433 3736 1524 3799 Ex
1571 3737 1811 3819 quibus
1857 3745 2142 3819 apparet,
2176 3736 2347 3817 quod

851 3834 992 3918 ipsa
1031 3834 1352 3911 Bethania,
1393 3855 1538 3917 quae
1579 3836 1704 3897 fuit
1742 3836 1914 3909 villa,
1949 3844 2211 3897 vocetur
2248 3852 2351 3895 ca·

585 3953 694 3996 12·ae.
711 3966 824 4003 mv,
851 3933 1132 3995 stellum.
1176 3934 1354 3997 Unde
1393 3942 1456 3996 et
1498 3933 1666 3997 infra
1713 3935 1966 4015 legitur,
2007 3934 2181 4015 quod
2223 3933 2351 3995 duo

561 4018 630 4061 ¹²·
849 4048 929 4092 ex
979 4032 1313 4112 discipulis
1360 4032 1540 4094 ibant
1578 4033 1646 4094 in
1689 4032 2042 4105 castellum,
2085 4031 2191 4093 eui
2242 4050 2351 4093 no-

853 4148 1000 4192 men
1049 4128 1348 4192 Emmaus
1401 4148 1416 4191 ε
1469 4149 1586 4211 pro
1632 4148 1761 4211 quo
1807 4130 2049 4191 Marcus
2103 4129 2349 4202 scribit,

577 4247 826 4299 uma...
851 4230 1024 4310 quod
1073 4228 1250 4291 ibant
1297 4229 1364 4290 in
1413 4228 1652 4291 villam.
1704 4228 2010 4309 Denique,
2063 4228 2237 4308 quod
2286 4228 2349 4288 in

561 4312 630 4353 ¹²·
851 4328 1137 4393 Matthaeo
1195 4328 1286 4390 ait
1343 4328 1627 4391 Salvator
1681 4328 1932 4390 duobus
1992 4327 2349 4410 discipulis,

2453 2660 2597 2733 pter
2644 2654 2843 2732 quod.
2894 2654 3059 2714 sicut
3116 2656 3183 2717 in
3240 2656 3385 2735 ejus
3440 2655 3705 2736 legenda
3752 2655 3947 2716 habe-

2451 2758 2579 2822 tur,
2636 2760 2779 2831 post
2834 2751 3065 2813 Christi
3122 2754 3561 2817 ascensionem
3618 2753 3947 2817 consuevit

2452 2847 2776 2911 Christum
2830 2850 2953 2911 sub
3002 2852 3261 2913 nomine
3313 2852 3583 2934 hospitis
3630 2854 3943 2915 invocare.

2454 2946 2673 3027 ltaque
2719 2967 2867 3009 cum
2910 2951 3135 3029 grandi
3182 2951 3535 3013 reverentia
3572 2960 3638 3013 et
3672 2952 3947 3013 caritatis

2454 3043 2705 3108 fervore
2758 3049 3006 3129 aceepit
3062 3048 3383 3111 Christum
3442 3051 3509 3111 in
3566 3068 3681 3113 sua
3734 3052 3943 3123 dom0,

2454 3163 2601 3225 quae
2646 3145 2767 3206 tuit
2815 3147 3147 3209 castellum
3196 3167 3309 3209 seu
3358 3158 3655 3211 castrum.
3706 3148 3945 3211 Nobilis

2326 3238 2429 3303 :G
2456 3244 2631 3304 enim
2670 3244 2793 3305 fuit
2822 3254 2885 3306 et
2922 3246 3269 3327 opulenta:
3308 3256 3371 3309 et
3408 3248 3575 3309 sicut
3610 3247 3677 3309 in
3714 3246 3949 3310 Ioanne

2456 3342 2769 3424 scriptum
2798 3352 2917 3412 est,
2944 3343 3126 3406 Jesus
3156 3345 3457 3426 diligebat
3492 3344 3769 3419 Mariam,
3800 3344 3955 3407 Mar·
4006 3370 4169 3413 Jmn.

2456 3440 2655 3510 tham,
2700 3447 2763 3501 et
2802 3440 3129 3504 Lazarum.
3975 3427 4025 3467 ⁵

2540 3543 2625 3600 Et
2662 3542 2819 3599 huic
2849 3552 2991 3601 erat
3026 3561 3207 3601 soror
3244 3544 3505 3602 nomine
3542 3545 3791 3612 {sarim
3832 3542 3951 3603 sci·
4090 3552 4157 3606 39
4273 3600 4274 3605 ,

2458 3637 2605 3698 licet
2642 3636 3022 3718 Magdalene.
3056 3641 3137 3700 de
3172 3658 3301 3720 qua
3344 3640 3409 3701 in
3446 3638 3649 3703 Marco
3694 3638 3897 3702 fertur
3930 3657 3944 3701 :
4273 3630 4274 3641 ’

2456 3735 2735 3817 Surgens
2780 3737 2959 3797 lesus
3016 3756 3203 3799 mane
3259 3739 3467 3820 prima
3520 3738 3786 3812 sabbati,
3834 3758 3947 3820 ap·
3992 3766 4233 3807 Marem.

2460 3835 2669 3916 paruit
2728 3836 2939 3917 primo
2991 3833 3199 3898 Maria*-
3252 3835 3631 3917 Magdalene,
3692 3836 3769 3898 de
3824 3855 3950 3917 qua
3976 3831 4024 3871 ⁹·

2458 3934 2733 4014 ejecerat
2772 3943 3017 4016 septem
3062 3935 3394 3997 daemouia.
3440 3939 3595 4005 Quoe
3628 3938 3827 3996 etiam
3862 3955 3953 3994 se-

2458 4036 2617 4092 dens
2642 4054 2819 4092 secus
2838 4037 3033 4110 pedes
3062 4036 3353 4103 Domini,
3370 4036 3673 4095 audiebat
3694 4036 3953 4095 verbum

2465 4134 2671 4190 illius.
2721 4131 2790 4192 ln
2848 4132 3087 4212 quibus
3138 4132 3350 4193 verbis
3408 4132 3770 4194 insinuatur
3813 4132 3955 4211 ejus

2462 4228 2789 4290 humilitas
2816 4248 2893 4291 ac
2920 4229 3263 4310 diligentia,
3279 4230 3433 4311 quia
3458 4231 3536 4291 ad
3567 4231 3757 4311 pedoe
3788 4228 3959 4293 Chri-

2462 4327 2543 4389 sti
2593 4328 2925 4391 humiliter
2970 4348 3039 4391 se
3076 4329 3307 4391 locavit
3343 4338 3409 4390 et
3446 4328 3813 4391 avidissime
3862 4328 3959 4389 in-

559 4443 824 4495 uamun,
852 4427 940 4489 lte
987 4427 1054 4489 in
1095 4428 1426 4490 castellum
1475 4428 1647 4509 quod
1685 4434 1906 4490 contra
1955 4446 2066 4489 vos
2114 4434 2233 4499 est,
2276 4426 2353 4487 de
2386 4424 2434 4486 D
2462 4436 2635 4489 tenta
2670 4425 2797 4490 ruit
2838 4427 3271 4509 praedicationi
3314 4428 3539 4509 ipsius.
3572 4426 3705 4499 Quo
3741 4434 3955 4487 autem

557 4507 600 4549 ²·
853 4524 994 4607 ipsa
1041 4526 1200 4589 urbe
1238 4525 1586 4588 Jerusalem
1621 4525 1782 4588 solet
1827 4526 2082 4606 exponi.
2126 4524 2354 4588 Castel-

852 4624 988 4686 lum
1045 4632 1254 4687 tamen
1315 4625 1574 4708 proprie
1632 4625 1868 4687 dicitur
1927 4644 2196 4707 parvum
2252 4644 2355 4687 ca-

850 4729 1078 4785 strum.
1131 4722 1274 4785 Fuit
1327 4730 1538 4785 autem
1590 4723 1656 4785 in
1713 4722 2014 4785 Bethania
2069 4732 2347 4785 castrum

846 4820 1056 4884 Mariae
1101 4829 1167 4883 et
1211 4820 1464 4884 Marthae
1509 4839 1583 4883 ae
1629 4821 1870 4895 Lazari,
1911 4822 2082 4903 quod
2135 4822 2347 4884 forsan

849 4918 1170 4982 interdum
1219 4919 1648 5000 comparative
1699 4919 2020 5001 loquendo
2067 4920 2349 4983 nomina-

845 5024 953 5079 tur
989 5018 1322 5081 castellum
1367 5036 1382 5079 ε
1425 5024 1490 5079 et
1527 5017 1694 5079 sicut
1733 5017 2102 5099 frequenter
2145 5024 2345 5080 totum

845 5136 884 5178 a
911 5135 1026 5178 sua
1068 5124 1248 5198 parte
1284 5133 1516 5178 nomen
1555 5116 1838 5190 sortitur,
1873 5116 1966 5178 sie
2003 5115 2167 5178 sorte
2198 5116 2349 5178 villa

847 5214 1168 5289 Bethania,
1201 5213 1442 5276 ratione
1480 5214 1666 5275 castri
1709 5214 1844 5276 sive
1883 5213 2122 5275 castelli
2170 5213 2237 5275 in
2274 5232 2348 5276 ea

847 5312 1150 5387 contenti,
1189 5310 1548 5393 appellatur
1589 5311 1942 5374 castellum.

2460 4526 2771 4589 humilius
2810 4526 2993 4601 sedit,
3028 4526 3525 4607 diligentiusque
3558 4523 3848 4597 advertit,
3879 4542 3956 4587 eo

2459 4625 2607 4706 plus
2644 4624 3008 4707 spirituales
3051 4625 3263 4687 hausit
3302 4623 3645 4706 profectuS‚
3678 4632 3743 4684 et
3784 4623 3953 4685 rivos

2458 4724 2759 4786 doctrinm
2786 4740 2865 4785 ex
2893 4722 3070 4786 fonte
3100 4721 3428 4805 sapientiai
3456 4720 3749 4804 sumpsit.
3774 4720 3955 4783 Chri-

2458 4829 2593 4883 stus
2640 4823 2883 4904 quippe
2931 4831 3029 4883 est
3072 4820 3216 4884 lons
3264 4819 3611 4902 sapientiae,
3650 4820 3831 4901 juxta
3876 4819 3953 4880 il-

2458 4918 2567 4981 lud
2600 4918 3022 4981 Ecclesiastici
3056 4937 3072 4981 ε
3108 4919 3267 4981 Fons
3298 4917 3645 4999 sapientiai,
3680 4916 3947 4981 verbum
3998 4936 4229 4981 ecclam.

2456 5016 2565 5079 Dei
2624 5019 2687 5079 in
2738 5018 3028 5080 excelsis.
3080 5017 3245 5079 Deus
3292 5034 3549 5097 quoque
3597 5015 3949 5078 humilibus
3978 5034 4229 5077 henan-,⁶2

2456 5117 2560 5177 dat
2600 5116 2889 5196 gratiam.
3982 5098 4228 5139 ¹¹²⁶“·⁸'·⁵‘

2532 5213 2857 5287 Praeterea‚
2892 5213 3059 5275 sicut
3094 5213 3184 5274 ait
3220 5212 3508 5286 BasiliuS,
3550 5210 3765 5273 Omnis
3804 5227 3953 5292 ope-

2458 5312 2617 5375 ratio
2662 5322 2853 5393 atque
2910 5312 3147 5373 locutio
3202 5310 3541 5374 Salvatoris
3590 5309 3807 5391 regula
3857 5310 3957 5370 est
