<?xml version="1.0" encoding="UTF-8"?>
<!DOCTYPE html PUBLIC "-//W3C//DTD XHTML 1.0 Transitional//EN"
    "http://www.w3.org/TR/xhtml1/DTD/xhtml1-transitional.dtd">
<html xmlns="http://www.w3.org/1999/xhtml" xml:lang="en" lang="en">
 <head>
  <title>
</title>
<meta http-equiv="Content-Type" content="text/html;charset=utf-8" />
  <meta name='ocr-system' content='tesseract 3.04.00' />
  <meta name='ocr-capabilities' content='ocr_page ocr_carea ocr_par ocr_line ocrx_word'/>
</head>
<body>
  <div class='ocr_page' id='page_1' title='image "./doctorisecstati09unkngoog_0217.png"; bbox 0 0 4300 6259; ppageno 0'>
   <div class='ocr_carea' id='block_1_1' title="bbox 1123 503 2630 555">
    <p class='ocr_par' dir='ltr' id='par_1_1' title="bbox 1123 503 2630 555">
     <span class='ocr_line' id='line_1_1' title="bbox 1123 503 2630 555; baseline 0 -2"><span class='ocrx_word' id='word_1_1' title='bbox 1123 507 1472 555; x_wconf 67' lang='lat' dir='ltr'><strong>numano</strong></span> <span class='ocrx_word' id='word_1_2' title='bbox 1515 506 1576 552; x_wconf 76' lang='lat' dir='ltr'><strong>m</strong></span> <span class='ocrx_word' id='word_1_3' title='bbox 1621 506 1760 554; x_wconf 62' lang='lat' dir='ltr'><strong>cn.</strong></span> <span class='ocrx_word' id='word_1_4' title='bbox 1806 505 1916 553; x_wconf 79' lang='lat' dir='ltr'><strong>xlx</strong></span> <span class='ocrx_word' id='word_1_5' title='bbox 1959 503 2147 552; x_wconf 75' lang='lat' dir='ltr'><strong>LUCAE.</strong></span> <span class='ocrx_word' id='word_1_6' title='bbox 2195 523 2277 536; x_wconf 88' lang='grc'><strong>·-</strong></span> <span class='ocrx_word' id='word_1_7' title='bbox 2315 505 2459 552; x_wconf 73' lang='grc' dir='ltr'><strong>ΛΒΤ.</strong></span> <span class='ocrx_word' id='word_1_8' title='bbox 2505 505 2630 553; x_wconf 80' lang='lat' dir='ltr'><strong>xm</strong></span> 
     </span>
    </p>
   </div>
   <div class='ocr_carea' id='block_1_2' title="bbox 3307 487 3424 553">
    <p class='ocr_par' dir='ltr' id='par_1_2' title="bbox 3307 487 3424 553">
     <span class='ocr_line' id='line_1_2' title="bbox 3307 487 3424 553; baseline 0 -1"><span class='ocrx_word' id='word_1_9' title='bbox 3307 487 3424 553; x_wconf 76' lang='lat'><strong>¹57</strong></span> 
     </span>
    </p>
   </div>
   <div class='ocr_carea' id='block_1_3' title="bbox 1397 907 2372 995">
    <p class='ocr_par' dir='ltr' id='par_1_3' title="bbox 1397 907 2372 995">
     <span class='ocr_line' id='line_1_3' title="bbox 1397 907 2372 995; baseline -0.002 -1"><span class='ocrx_word' id='word_1_10' title='bbox 1397 907 2051 994; x_wconf 83' lang='lat' dir='ltr'><strong>ARTICULUS</strong></span> <span class='ocrx_word' id='word_1_11' title='bbox 2125 909 2372 995; x_wconf 89' lang='lat' dir='ltr'>XLII</span> 
     </span>
    </p>
   </div>
   <div class='ocr_carea' id='block_1_4' title="bbox 625 1179 3128 1352">
    <p class='ocr_par' dir='ltr' id='par_1_4' title="bbox 625 1179 3128 1352">
     <span class='ocr_line' id='line_1_4' title="bbox 625 1179 3128 1248; baseline 0 -18"><span class='ocrx_word' id='word_1_12' title='bbox 625 1183 988 1230; x_wconf 64' lang='lat' dir='ltr'><strong>ammento</strong></span> <span class='ocrx_word' id='word_1_13' title='bbox 1030 1183 1310 1230; x_wconf 65' lang='lat' dir='ltr'><strong>curma</strong></span> <span class='ocrx_word' id='word_1_14' title='bbox 1351 1181 1708 1228; x_wconf 70' lang='lat' dir='ltr'><strong>norum-:cun</strong></span> <span class='ocrx_word' id='word_1_15' title='bbox 1753 1181 1768 1226; x_wconf 75' lang='lat'>2</span> <span class='ocrx_word' id='word_1_16' title='bbox 1813 1180 1890 1226; x_wconf 74' lang='lat' dir='ltr'><strong>ln·</strong></span> <span class='ocrx_word' id='word_1_17' title='bbox 1931 1179 2264 1228; x_wconf 75' lang='lat' dir='ltr'>INGRESSUS</span> <span class='ocrx_word' id='word_1_18' title='bbox 2306 1181 2797 1228; x_wconf 74' lang='lat' dir='ltr'><strong>PRnAanLABAT</strong></span> <span class='ocrx_word' id='word_1_19' title='bbox 2836 1183 3128 1248; x_wconf 54' lang='lat' dir='ltr'><strong>malcum</strong></span> 
     </span>
     <span class='ocr_line' id='line_1_5' title="bbox 1269 1277 2541 1352; baseline -0.001 -25"><span class='ocrx_word' id='word_1_20' title='bbox 1269 1282 1342 1327; x_wconf 80' lang='lat' dir='ltr'><strong>m·</strong></span> <span class='ocrx_word' id='word_1_21' title='bbox 1383 1279 1532 1326; x_wconf 66' lang='lat' dir='ltr'><strong>nect:</strong></span> <span class='ocrx_word' id='word_1_22' title='bbox 1573 1279 1678 1326; x_wconf 78' lang='lat' dir='ltr'><strong>vm</strong></span> <span class='ocrx_word' id='word_1_23' title='bbox 1717 1277 1952 1326; x_wconf 68' lang='lat' dir='ltr'><strong>noma·</strong></span> <span class='ocrx_word' id='word_1_24' title='bbox 1993 1278 2308 1340; x_wconf 66' lang='lat' dir='ltr'><strong>mcum,</strong></span> <span class='ocrx_word' id='word_1_25' title='bbox 2354 1279 2484 1326; x_wconf 73' lang='lat' dir='ltr'><strong>E‘rc.</strong></span> <span class='ocrx_word' id='word_1_26' title='bbox 2520 1331 2541 1352; x_wconf 58' lang='lat'><strong>·</strong></span> 
     </span>
    </p>
   </div>
   <div class='ocr_carea' id='block_1_5' title="bbox 389 1558 3431 1646">
    <p class='ocr_par' dir='ltr' id='par_1_5' title="bbox 389 1558 3431 1646">
     <span class='ocr_line' id='line_1_6' title="bbox 389 1558 3431 1646; baseline -0 -21"><span class='ocrx_word' id='word_1_27' title='bbox 389 1563 448 1625; x_wconf 90' lang='lat' dir='ltr'>N</span> <span class='ocrx_word' id='word_1_28' title='bbox 495 1563 917 1646; x_wconf 63' lang='lat' dir='ltr'><strong>praecedentis</strong></span> <span class='ocrx_word' id='word_1_29' title='bbox 957 1561 1224 1645; x_wconf 89' lang='lat' dir='ltr'><strong>capituli</strong></span> <span class='ocrx_word' id='word_1_30' title='bbox 1261 1561 1398 1624; x_wconf 77' lang='lat' dir='ltr'><strong>fine</strong></span> <span class='ocrx_word' id='word_1_31' title='bbox 1436 1559 1827 1643; x_wconf 89' lang='lat' dir='ltr'><strong>descriptum</strong></span> <span class='ocrx_word' id='word_1_32' title='bbox 1855 1558 1908 1620; x_wconf 89' lang='lat' dir='ltr'><strong>A</strong></span> <span class='ocrx_word' id='word_1_33' title='bbox 1935 1567 2033 1622; x_wconf 93' lang='lat' dir='ltr'><strong>est</strong></span> <span class='ocrx_word' id='word_1_34' title='bbox 2079 1561 2283 1624; x_wconf 84' lang='lat' dir='ltr'><strong>valde.</strong></span> <span class='ocrx_word' id='word_1_35' title='bbox 2326 1565 2411 1623; x_wconf 83' lang='lat' dir='ltr'><strong>E&#39;c</strong></span> <span class='ocrx_word' id='word_1_36' title='bbox 2451 1582 2581 1624; x_wconf 77' lang='lat' dir='ltr'><strong>non</strong></span> <span class='ocrx_word' id='word_1_37' title='bbox 2612 1573 2866 1639; x_wconf 77' lang='lat' dir='ltr'><strong>poterat</strong></span> <span class='ocrx_word' id='word_1_38' title='bbox 2900 1583 3043 1642; x_wconf 75' lang='lat' dir='ltr'><strong>prce</strong></span> <span class='ocrx_word' id='word_1_39' title='bbox 3088 1567 3299 1625; x_wconf 80' lang='lat' dir='ltr'><strong>turba.</strong></span> <span class='ocrx_word' id='word_1_40' title='bbox 3340 1562 3431 1625; x_wconf 87' lang='lat' dir='ltr'><strong>Ex</strong></span> 
     </span>
    </p>
   </div>
   <div class='ocr_carea' id='block_1_6' title="bbox 71 1675 286 1726">
    <p class='ocr_par' dir='ltr' id='par_1_6' title="bbox 71 1675 286 1726">
     <span class='ocr_line' id='line_1_7' title="bbox 71 1675 286 1726; baseline 0.014 -10"><span class='ocrx_word' id='word_1_41' title='bbox 71 1675 160 1718; x_wconf 73' lang='lat' dir='ltr'><strong>Luc.</strong></span> <span class='ocrx_word' id='word_1_42' title='bbox 172 1687 286 1726; x_wconf 76' lang='lat' dir='ltr'><strong>nm,</strong></span> 
     </span>
    </p>
   </div>
   <div class='ocr_carea' id='block_1_7' title="bbox 51 1657 1831 1778">
    <p class='ocr_par' dir='ltr' id='par_1_7' title="bbox 51 1657 1831 1778">
     <span class='ocr_line' id='line_1_8' title="bbox 51 1657 1831 1778; baseline -0.004 -52"><span class='ocrx_word' id='word_1_43' title='bbox 51 1739 92 1778; x_wconf 49' lang='grc' dir='ltr'>Β</span> <span class='ocrx_word' id='word_1_44' title='bbox 423 1671 548 1736; x_wconf 91' lang='lat' dir='ltr'><strong>est,</strong></span> <span class='ocrx_word' id='word_1_45' title='bbox 591 1663 764 1744; x_wconf 92' lang='lat' dir='ltr'><strong>quod</strong></span> <span class='ocrx_word' id='word_1_46' title='bbox 806 1661 987 1725; x_wconf 81' lang='lat' dir='ltr'><strong>Iesus</strong></span> <span class='ocrx_word' id='word_1_47' title='bbox 1035 1659 1562 1744; x_wconf 82' lang='lat' dir='ltr'><strong>appropinquans</strong></span> <span class='ocrx_word' id='word_1_48' title='bbox 1613 1657 1831 1721; x_wconf 86' lang='lat' dir='ltr'><strong>civita-</strong></span> 
     </span>
    </p>
   </div>
   <div class='ocr_carea' id='block_1_8' title="bbox 152 1757 1835 2727">
    <p class='ocr_par' dir='ltr' id='par_1_8' title="bbox 152 1757 1835 2727">
     <span class='ocr_line' id='line_1_9' title="bbox 313 1757 1826 1841; baseline -0.005 -17"><span class='ocrx_word' id='word_1_49' title='bbox 313 1762 366 1824; x_wconf 87' lang='lat' dir='ltr'><strong>ti</strong></span> <span class='ocrx_word' id='word_1_50' title='bbox 413 1761 682 1824; x_wconf 91' lang='lat' dir='ltr'><strong>nomine</strong></span> <span class='ocrx_word' id='word_1_51' title='bbox 724 1761 998 1836; x_wconf 67' lang='lat' dir='ltr'><strong>saricho,</strong></span> <span class='ocrx_word' id='word_1_52' title='bbox 1047 1779 1214 1824; x_wconf 77' lang='lat' dir='ltr'><strong>eaeco</strong></span> <span class='ocrx_word' id='word_1_53' title='bbox 1259 1757 1552 1841; x_wconf 82' lang='lat' dir='ltr'><strong>praestitit</strong></span> <span class='ocrx_word' id='word_1_54' title='bbox 1593 1757 1826 1819; x_wconf 87' lang='lat' dir='ltr'><strong>visum.</strong></span> 
     </span>
     <span class='ocr_line' id='line_1_10' title="bbox 315 1853 1833 1939; baseline -0.003 -19"><span class='ocrx_word' id='word_1_55' title='bbox 315 1858 508 1921; x_wconf 89' lang='lat' dir='ltr'><strong>Nunc</strong></span> <span class='ocrx_word' id='word_1_56' title='bbox 547 1868 760 1922; x_wconf 90' lang='lat' dir='ltr'><strong>autem</strong></span> <span class='ocrx_word' id='word_1_57' title='bbox 801 1857 1136 1922; x_wconf 82' lang='lat' dir='ltr'><strong>historiam</strong></span> <span class='ocrx_word' id='word_1_58' title='bbox 1180 1873 1597 1939; x_wconf 78' lang='lat' dir='ltr'><strong>prosequenS,</strong></span> <span class='ocrx_word' id='word_1_59' title='bbox 1631 1853 1833 1917; x_wconf 83' lang='lat' dir='ltr'><strong>Evan-</strong></span> 
     </span>
     <span class='ocr_line' id='line_1_11' title="bbox 152 1953 1832 2039; baseline -0.001 -23"><span class='ocrx_word' id='word_1_60' title='bbox 152 1963 176 2016; x_wconf 81' lang='lat'><strong>1</strong></span> <span class='ocrx_word' id='word_1_61' title='bbox 313 1958 554 2039; x_wconf 75' lang='lat' dir='ltr'><strong>gelista</strong></span> <span class='ocrx_word' id='word_1_62' title='bbox 580 1965 888 2020; x_wconf 87' lang='lat' dir='ltr'><strong>testatur:</strong></span> <span class='ocrx_word' id='word_1_63' title='bbox 912 1960 1001 2020; x_wconf 78' lang='lat' dir='ltr'><strong>Et</strong></span> <span class='ocrx_word' id='word_1_64' title='bbox 1029 1959 1354 2034; x_wconf 70' lang='lat' dir='ltr'><strong>inqressus</strong></span> <span class='ocrx_word' id='word_1_65' title='bbox 1381 1953 1637 2036; x_wconf 89' lang='lat' dir='ltr'><strong>(urbem</strong></span> <span class='ocrx_word' id='word_1_66' title='bbox 1667 1954 1832 2016; x_wconf 90' lang='lat' dir='ltr'><strong>hanc</strong></span> 
     </span>
     <span class='ocr_line' id='line_1_12' title="bbox 315 2055 1833 2136; baseline -0.004 -17"><span class='ocrx_word' id='word_1_67' title='bbox 315 2056 608 2136; x_wconf 88' lang='lat' dir='ltr'><strong>Jericho)</strong></span> <span class='ocrx_word' id='word_1_68' title='bbox 634 2057 1138 2135; x_wconf 81' lang='lat' dir='ltr'><strong>perambulabat</strong></span> <span class='ocrx_word' id='word_1_69' title='bbox 1182 2055 1458 2126; x_wconf 71' lang='lat' dir='ltr'><strong>Jericko,</strong></span> <span class='ocrx_word' id='word_1_70' title='bbox 1505 2061 1833 2115; x_wconf 90' lang='lat' dir='ltr'><strong>transeun-</strong></span> 
     </span>
     <span class='ocr_line' id='line_1_13' title="bbox 317 2153 1834 2236; baseline -0.003 -20"><span class='ocrx_word' id='word_1_71' title='bbox 317 2155 400 2217; x_wconf 95' lang='lat' dir='ltr'><strong>do</strong></span> <span class='ocrx_word' id='word_1_72' title='bbox 434 2171 558 2236; x_wconf 90' lang='lat' dir='ltr'><strong>per</strong></span> <span class='ocrx_word' id='word_1_73' title='bbox 585 2171 752 2228; x_wconf 89' lang='lat' dir='ltr'><strong>eam,</strong></span> <span class='ocrx_word' id='word_1_74' title='bbox 775 2153 1012 2216; x_wconf 88' lang='lat' dir='ltr'><strong>docens</strong></span> <span class='ocrx_word' id='word_1_75' title='bbox 1049 2159 1300 2215; x_wconf 89' lang='lat' dir='ltr'><strong>terrena</strong></span> <span class='ocrx_word' id='word_1_76' title='bbox 1337 2169 1478 2214; x_wconf 89' lang='lat' dir='ltr'><strong>esse</strong></span> <span class='ocrx_word' id='word_1_77' title='bbox 1513 2157 1834 2233; x_wconf 89' lang='lat' dir='ltr'><strong>pertrans-</strong></span> 
     </span>
     <span class='ocr_line' id='line_1_14' title="bbox 314 2247 1828 2326; baseline -0.003 -12"><span class='ocrx_word' id='word_1_78' title='bbox 314 2253 557 2326; x_wconf 87' lang='lat' dir='ltr'><strong>eunda,</strong></span> <span class='ocrx_word' id='word_1_79' title='bbox 591 2251 715 2314; x_wconf 86' lang='lat' dir='ltr'><strong>hoc</strong></span> <span class='ocrx_word' id='word_1_80' title='bbox 753 2257 871 2325; x_wconf 89' lang='lat' dir='ltr'><strong>est,</strong></span> <span class='ocrx_word' id='word_1_81' title='bbox 906 2269 1036 2314; x_wconf 89' lang='lat' dir='ltr'><strong>non</strong></span> <span class='ocrx_word' id='word_1_82' title='bbox 1075 2249 1550 2314; x_wconf 85' lang='lat' dir='ltr'><strong>immorandum</strong></span> <span class='ocrx_word' id='word_1_83' title='bbox 1589 2247 1828 2310; x_wconf 91' lang='lat' dir='ltr'><strong>eisdem</strong></span> 
     </span>
     <span class='ocr_line' id='line_1_15' title="bbox 315 2347 1832 2434; baseline -0.002 -21"><span class='ocrx_word' id='word_1_84' title='bbox 315 2369 435 2434; x_wconf 87' lang='lat' dir='ltr'><strong>per</strong></span> <span class='ocrx_word' id='word_1_85' title='bbox 485 2350 983 2413; x_wconf 89' lang='lat' dir='ltr'><strong>immoderatum</strong></span> <span class='ocrx_word' id='word_1_86' title='bbox 1031 2347 1363 2423; x_wconf 81' lang='lat' dir='ltr'><strong>affectum,</strong></span> <span class='ocrx_word' id='word_1_87' title='bbox 1417 2349 1529 2410; x_wconf 94' lang='lat' dir='ltr'><strong>sed</strong></span> <span class='ocrx_word' id='word_1_88' title='bbox 1578 2364 1832 2410; x_wconf 90' lang='lat' dir='ltr'><strong>summo</strong></span> 
     </span>
     <span class='ocr_line' id='line_1_16' title="bbox 314 2445 1831 2528; baseline -0.003 -16"><span class='ocrx_word' id='word_1_89' title='bbox 314 2457 381 2512; x_wconf 90' lang='lat' dir='ltr'><strong>et</strong></span> <span class='ocrx_word' id='word_1_90' title='bbox 418 2445 939 2512; x_wconf 82' lang='lat' dir='ltr'><strong>incommutabili</strong></span> <span class='ocrx_word' id='word_1_91' title='bbox 978 2447 1150 2511; x_wconf 91' lang='lat' dir='ltr'><strong>bono</strong></span> <span class='ocrx_word' id='word_1_92' title='bbox 1175 2446 1414 2528; x_wconf 80' lang='lat' dir='ltr'><strong>jugiter</strong></span> <span class='ocrx_word' id='word_1_93' title='bbox 1443 2445 1678 2508; x_wconf 89' lang='lat' dir='ltr'><strong>debere</strong></span> <span class='ocrx_word' id='word_1_94' title='bbox 1715 2463 1831 2508; x_wconf 92' lang='lat' dir='ltr'><strong>nos</strong></span> 
     </span>
     <span class='ocr_line' id='line_1_17' title="bbox 313 2543 1834 2626; baseline -0.004 -16"><span class='ocrx_word' id='word_1_95' title='bbox 313 2547 671 2610; x_wconf 81' lang='lat' dir='ltr'><strong>adhaerere.</strong></span> <span class='ocrx_word' id='word_1_96' title='bbox 703 2543 818 2606; x_wconf 89' lang='lat' dir='ltr'><strong>Per</strong></span> <span class='ocrx_word' id='word_1_97' title='bbox 844 2543 1094 2608; x_wconf 81' lang='lat' dir='ltr'><strong>Iericho</strong></span> <span class='ocrx_word' id='word_1_98' title='bbox 1124 2545 1298 2608; x_wconf 88' lang='lat' dir='ltr'><strong>enim</strong></span> <span class='ocrx_word' id='word_1_99' title='bbox 1332 2561 1611 2626; x_wconf 82' lang='lat' dir='ltr'><strong>praesens</strong></span> <span class='ocrx_word' id='word_1_100' title='bbox 1642 2561 1834 2606; x_wconf 79' lang='lat' dir='ltr'><strong>saecu-</strong></span> 
     </span>
     <span class='ocr_line' id='line_1_18' title="bbox 317 2643 1835 2727; baseline -0.001 -19"><span class='ocrx_word' id='word_1_101' title='bbox 317 2647 459 2709; x_wconf 90' lang='lat' dir='ltr'><strong>lum</strong></span> <span class='ocrx_word' id='word_1_102' title='bbox 502 2643 967 2710; x_wconf 85' lang='lat' dir='ltr'><strong>variationibus</strong></span> <span class='ocrx_word' id='word_1_103' title='bbox 1006 2645 1270 2727; x_wconf 89' lang='lat' dir='ltr'><strong>plenum</strong></span> <span class='ocrx_word' id='word_1_104' title='bbox 1315 2644 1624 2726; x_wconf 81' lang='lat' dir='ltr'><strong>signatur,</strong></span> <span class='ocrx_word' id='word_1_105' title='bbox 1676 2661 1835 2724; x_wconf 93' lang='lat' dir='ltr'><strong>quo-</strong></span> 
     </span>
    </p>
   </div>
   <div class='ocr_carea' id='block_1_9' title="bbox 1936 1659 3731 2727">
    <p class='ocr_par' dir='ltr' id='par_1_9' title="bbox 1936 1659 3731 2727">
     <span class='ocr_line' id='line_1_19' title="bbox 1937 1659 3436 1743; baseline 0.002 -24"><span class='ocrx_word' id='word_1_106' title='bbox 1937 1659 2108 1720; x_wconf 90' lang='lat' dir='ltr'><strong>omni</strong></span> <span class='ocrx_word' id='word_1_107' title='bbox 2152 1659 2326 1720; x_wconf 89' lang='lat' dir='ltr'><strong>enim</strong></span> <span class='ocrx_word' id='word_1_108' title='bbox 2378 1667 2554 1741; x_wconf 91' lang='lat' dir='ltr'><strong>parte</strong></span> <span class='ocrx_word' id='word_1_109' title='bbox 2602 1659 2727 1723; x_wconf 85' lang='lat' dir='ltr'><strong>fuit</strong></span> <span class='ocrx_word' id='word_1_110' title='bbox 2762 1661 2941 1724; x_wconf 89' lang='lat' dir='ltr'><strong>Jesus</strong></span> <span class='ocrx_word' id='word_1_111' title='bbox 2982 1661 3207 1743; x_wconf 81' lang='lat' dir='ltr'><strong>grandi</strong></span> <span class='ocrx_word' id='word_1_112' title='bbox 3246 1660 3436 1723; x_wconf 90' lang='lat' dir='ltr'><strong>turba</strong></span> 
     </span>
     <span class='ocr_line' id='line_1_20' title="bbox 1939 1757 3435 1842; baseline 0.002 -24"><span class='ocrx_word' id='word_1_113' title='bbox 1939 1757 2229 1838; x_wconf 88' lang='lat' dir='ltr'><strong>stipatus,</strong></span> <span class='ocrx_word' id='word_1_114' title='bbox 2282 1758 2501 1820; x_wconf 89' lang='lat' dir='ltr'><strong>multis</strong></span> <span class='ocrx_word' id='word_1_115' title='bbox 2551 1759 2839 1822; x_wconf 90' lang='lat' dir='ltr'><strong>millibus</strong></span> <span class='ocrx_word' id='word_1_116' title='bbox 2890 1778 3107 1823; x_wconf 89' lang='lat' dir='ltr'><strong>secum</strong></span> <span class='ocrx_word' id='word_1_117' title='bbox 3169 1777 3435 1842; x_wconf 81' lang='lat' dir='ltr'><strong>pergen-</strong></span> 
     </span>
     <span class='ocr_line' id='line_1_21' title="bbox 1939 1854 3433 1939; baseline 0.003 -23"><span class='ocrx_word' id='word_1_118' title='bbox 1939 1854 2131 1916; x_wconf 89' lang='lat' dir='ltr'><strong>tibus.</strong></span> <span class='ocrx_word' id='word_1_119' title='bbox 2164 1855 2451 1938; x_wconf 89' lang='lat' dir='ltr'><strong>Denique</strong></span> <span class='ocrx_word' id='word_1_120' title='bbox 2489 1876 2525 1920; x_wconf 91' lang='lat' dir='ltr'><strong>a</strong></span> <span class='ocrx_word' id='word_1_121' title='bbox 2563 1857 2881 1939; x_wconf 87' lang='lat' dir='ltr'><strong>spirituali</strong></span> <span class='ocrx_word' id='word_1_122' title='bbox 2925 1858 3163 1921; x_wconf 90' lang='lat' dir='ltr'><strong>intuitu</strong></span> <span class='ocrx_word' id='word_1_123' title='bbox 3201 1858 3433 1922; x_wconf 89' lang='lat' dir='ltr'><strong>Christi</strong></span> 
     </span>
     <span class='ocr_line' id='line_1_22' title="bbox 1939 1953 3433 2038; baseline 0.003 -23"><span class='ocrx_word' id='word_1_124' title='bbox 1939 1953 2173 2016; x_wconf 90' lang='lat' dir='ltr'><strong>multos</strong></span> <span class='ocrx_word' id='word_1_125' title='bbox 2215 1955 2502 2036; x_wconf 83' lang='lat' dir='ltr'><strong>quotidie</strong></span> <span class='ocrx_word' id='word_1_126' title='bbox 2552 1955 2823 2038; x_wconf 90' lang='lat' dir='ltr'><strong>impedit</strong></span> <span class='ocrx_word' id='word_1_127' title='bbox 2868 1956 3057 2018; x_wconf 90' lang='lat' dir='ltr'><strong>turba</strong></span> <span class='ocrx_word' id='word_1_128' title='bbox 3100 1956 3433 2021; x_wconf 88' lang='lat' dir='ltr'><strong>hominum</strong></span> 
     </span>
     <span class='ocr_line' id='line_1_23' title="bbox 1936 2050 3431 2137; baseline 0.003 -25"><span class='ocrx_word' id='word_1_129' title='bbox 1936 2050 2520 2134; x_wconf 87' lang='lat' dir='ltr'><strong>incompositorum,</strong></span> <span class='ocrx_word' id='word_1_130' title='bbox 2551 2054 3083 2137; x_wconf 77' lang='lat' dir='ltr'><strong>saeculariumque</strong></span> <span class='ocrx_word' id='word_1_131' title='bbox 3114 2074 3431 2131; x_wconf 85' lang='lat' dir='ltr'><strong>curarum,</strong></span> 
     </span>
     <span class='ocr_line' id='line_1_24' title="bbox 1937 2151 3438 2234; baseline 0.004 -23"><span class='ocrx_word' id='word_1_132' title='bbox 1937 2151 2289 2213; x_wconf 87' lang='lat' dir='ltr'><strong>carnalium</strong></span> <span class='ocrx_word' id='word_1_133' title='bbox 2330 2170 2589 2233; x_wconf 91' lang='lat' dir='ltr'><strong>quoque</strong></span> <span class='ocrx_word' id='word_1_134' title='bbox 2631 2153 3166 2234; x_wconf 88' lang='lat' dir='ltr'><strong>phantasmatum,</strong></span> <span class='ocrx_word' id='word_1_135' title='bbox 3201 2173 3274 2217; x_wconf 92' lang='lat' dir='ltr'><strong>ac</strong></span> <span class='ocrx_word' id='word_1_136' title='bbox 3304 2173 3438 2217; x_wconf 85' lang='lat' dir='ltr'><strong>car-</strong></span> 
     </span>
     <span class='ocr_line' id='line_1_25' title="bbox 1939 2238 3437 2333; baseline 0.004 -24"><span class='ocrx_word' id='word_1_137' title='bbox 1939 2247 2182 2310; x_wconf 91' lang='lat' dir='ltr'><strong>nalium</strong></span> <span class='ocrx_word' id='word_1_138' title='bbox 2242 2249 2751 2333; x_wconf 87' lang='lat' dir='ltr'><strong>propinquorum</strong></span> <span class='ocrx_word' id='word_1_139' title='bbox 2808 2269 2823 2314; x_wconf 78' lang='lat' dir='ltr'><em>z</em></span> <span class='ocrx_word' id='word_1_140' title='bbox 2878 2251 3021 2316; x_wconf 89' lang='lat' dir='ltr'><strong>ideo</strong></span> <span class='ocrx_word' id='word_1_141' title='bbox 3070 2253 3149 2315; x_wconf 92' lang='lat' dir='ltr'><strong>ad</strong></span> <span class='ocrx_word' id='word_1_142' title='bbox 3207 2238 3437 2316; x_wconf 73' lang='lat' dir='ltr'><strong>vac&#39;an-</strong></span> 
     </span>
     <span class='ocr_line' id='line_1_26' title="bbox 1940 2346 3432 2430; baseline 0.004 -22"><span class='ocrx_word' id='word_1_143' title='bbox 1940 2346 2093 2409; x_wconf 91' lang='lat' dir='ltr'><strong>dum</strong></span> <span class='ocrx_word' id='word_1_144' title='bbox 2141 2346 2267 2411; x_wconf 91' lang='lat' dir='ltr'><strong>Deo</strong></span> <span class='ocrx_word' id='word_1_145' title='bbox 2318 2348 2688 2430; x_wconf 87' lang='lat' dir='ltr'><strong>aptissimus</strong></span> <span class='ocrx_word' id='word_1_146' title='bbox 2742 2356 2839 2412; x_wconf 89' lang='lat' dir='ltr'><strong>est</strong></span> <span class='ocrx_word' id='word_1_147' title='bbox 2894 2350 3070 2414; x_wconf 91' lang='lat' dir='ltr'><strong>locus</strong></span> <span class='ocrx_word' id='word_1_148' title='bbox 3128 2359 3432 2414; x_wconf 80' lang='lat' dir='ltr'><strong>secretuS.</strong></span> 
     </span>
     <span class='ocr_line' id='line_1_27' title="bbox 1937 2444 3718 2532; baseline 0.008 -25"><span class='ocrx_word' id='word_1_149' title='bbox 1937 2444 2199 2528; x_wconf 83' lang='lat' dir='ltr'><strong>Propter</strong></span> <span class='ocrx_word' id='word_1_150' title='bbox 2228 2448 2399 2529; x_wconf 90' lang='lat' dir='ltr'><strong>quod</strong></span> <span class='ocrx_word' id='word_1_151' title='bbox 2427 2447 2515 2509; x_wconf 89' lang='lat' dir='ltr'><strong>ait</strong></span> <span class='ocrx_word' id='word_1_152' title='bbox 2542 2447 2871 2511; x_wconf 89' lang='lat' dir='ltr'><strong>Psalmista</strong></span> <span class='ocrx_word' id='word_1_153' title='bbox 2904 2467 2918 2512; x_wconf 76' lang='grc' dir='ltr'>ε</span> <span class='ocrx_word' id='word_1_154' title='bbox 2954 2448 3112 2512; x_wconf 86' lang='lat' dir='ltr'><strong>Ecce</strong></span> <span class='ocrx_word' id='word_1_155' title='bbox 3146 2451 3435 2532; x_wconf 80' lang='lat' dir='ltr'><strong>elongavi</strong></span> <span class='ocrx_word' id='word_1_156' title='bbox 3478 2474 3557 2519; x_wconf 67' lang='lat' dir='ltr'><strong>Pa.</strong></span> <span class='ocrx_word' id='word_1_157' title='bbox 3577 2478 3718 2528; x_wconf 47' lang='grc' dir='ltr'><strong>ωηο.</strong></span> 
     </span>
     <span class='ocr_line' id='line_1_28' title="bbox 1938 2542 3438 2625; baseline 0.005 -20"><span class='ocrx_word' id='word_1_158' title='bbox 1938 2542 2213 2625; x_wconf 80' lang='lat' dir='ltr'><strong>fugienS,</strong></span> <span class='ocrx_word' id='word_1_159' title='bbox 2248 2553 2311 2606; x_wconf 90' lang='lat' dir='ltr'><strong>et</strong></span> <span class='ocrx_word' id='word_1_160' title='bbox 2348 2545 2552 2607; x_wconf 90' lang='lat' dir='ltr'><strong>mansi</strong></span> <span class='ocrx_word' id='word_1_161' title='bbox 2595 2546 2661 2608; x_wconf 91' lang='lat' dir='ltr'><strong>in</strong></span> <span class='ocrx_word' id='word_1_162' title='bbox 2700 2547 3065 2610; x_wconf 87' lang='lat' dir='ltr'><strong>solitudine.</strong></span> <span class='ocrx_word' id='word_1_163' title='bbox 3100 2547 3175 2611; x_wconf 87' lang='lat' dir='ltr'><strong>Et</strong></span> <span class='ocrx_word' id='word_1_164' title='bbox 3205 2551 3283 2612; x_wconf 92' lang='lat' dir='ltr'><strong>de</strong></span> <span class='ocrx_word' id='word_1_165' title='bbox 3312 2550 3438 2613; x_wconf 90' lang='lat' dir='ltr'><strong>ele-</strong></span> 
     </span>
     <span class='ocr_line' id='line_1_29' title="bbox 1939 2641 3731 2727; baseline 0.005 -23"><span class='ocrx_word' id='word_1_166' title='bbox 1939 2648 2039 2704; x_wconf 85' lang='lat' dir='ltr'><strong>cta</strong></span> <span class='ocrx_word' id='word_1_167' title='bbox 2074 2641 2288 2705; x_wconf 90' lang='lat' dir='ltr'><strong>anima</strong></span> <span class='ocrx_word' id='word_1_168' title='bbox 2327 2643 2629 2707; x_wconf 90' lang='lat' dir='ltr'><strong>Dominus</strong></span> <span class='ocrx_word' id='word_1_169' title='bbox 2667 2644 2758 2707; x_wconf 92' lang='lat' dir='ltr'><strong>ait</strong></span> <span class='ocrx_word' id='word_1_170' title='bbox 2798 2663 2913 2727; x_wconf 88' lang='lat' dir='ltr'><strong>per</strong></span> <span class='ocrx_word' id='word_1_171' title='bbox 2948 2645 3103 2709; x_wconf 89' lang='lat' dir='ltr'><strong>Osee</strong></span> <span class='ocrx_word' id='word_1_172' title='bbox 3142 2666 3157 2710; x_wconf 92' lang='lat'><strong>:</strong></span> <span class='ocrx_word' id='word_1_173' title='bbox 3201 2648 3435 2712; x_wconf 80' lang='lat' dir='ltr'><strong>Ducam</strong></span> <span class='ocrx_word' id='word_1_174' title='bbox 3468 2667 3640 2720; x_wconf 76' lang='lat' dir='ltr'><strong>omn.</strong></span> <span class='ocrx_word' id='word_1_175' title='bbox 3664 2671 3731 2713; x_wconf 66' lang='grc' dir='ltr'><strong>ιι.</strong></span> 
     </span>
    </p>
   </div>
   <div class='ocr_carea' id='block_1_10' title="bbox 319 2741 3433 2828">
    <p class='ocr_par' dir='ltr' id='par_1_10' title="bbox 319 2741 3433 2828">
     <span class='ocr_line' id='line_1_30' title="bbox 319 2741 3433 2828; baseline 0 -20"><span class='ocrx_word' id='word_1_176' title='bbox 319 2746 498 2808; x_wconf 91' lang='lat' dir='ltr'><strong>niam</strong></span> <span class='ocrx_word' id='word_1_177' title='bbox 528 2743 782 2807; x_wconf 81' lang='lat' dir='ltr'><strong>Iericho</strong></span> <span class='ocrx_word' id='word_1_178' title='bbox 811 2743 964 2805; x_wconf 88' lang='lat' dir='ltr'><strong>luna</strong></span> <span class='ocrx_word' id='word_1_179' title='bbox 993 2743 1470 2825; x_wconf 87' lang='lat' dir='ltr'><strong>interpretatur,</strong></span> <span class='ocrx_word' id='word_1_180' title='bbox 1504 2760 1648 2823; x_wconf 80' lang='lat' dir='ltr'><strong>quae</strong></span> <span class='ocrx_word' id='word_1_181' title='bbox 1677 2760 1836 2823; x_wconf 89' lang='lat' dir='ltr'><strong>quo-</strong></span> <span class='ocrx_word' id='word_1_182' title='bbox 1862 2742 1909 2805; x_wconf 91' lang='lat' dir='ltr'>B</span> <span class='ocrx_word' id='word_1_183' title='bbox 1941 2759 2080 2803; x_wconf 90' lang='lat' dir='ltr'><strong>eam</strong></span> <span class='ocrx_word' id='word_1_184' title='bbox 2109 2741 2177 2803; x_wconf 89' lang='lat' dir='ltr'><strong>in</strong></span> <span class='ocrx_word' id='word_1_185' title='bbox 2208 2741 2641 2817; x_wconf 84' lang='lat' dir='ltr'><strong>solitudinem,</strong></span> <span class='ocrx_word' id='word_1_186' title='bbox 2674 2751 2739 2805; x_wconf 91' lang='lat' dir='ltr'><strong>et</strong></span> <span class='ocrx_word' id='word_1_187' title='bbox 2765 2743 2991 2825; x_wconf 92' lang='lat' dir='ltr'><strong>loquar</strong></span> <span class='ocrx_word' id='word_1_188' title='bbox 3018 2747 3096 2808; x_wconf 92' lang='lat' dir='ltr'><strong>ad</strong></span> <span class='ocrx_word' id='word_1_189' title='bbox 3130 2765 3238 2809; x_wconf 89' lang='lat' dir='ltr'><strong>cor</strong></span> <span class='ocrx_word' id='word_1_190' title='bbox 3271 2747 3433 2828; x_wconf 91' lang='lat' dir='ltr'><strong>ejus.</strong></span> 
     </span>
    </p>
   </div>
   <div class='ocr_carea' id='block_1_11' title="bbox 151 2842 1840 3910">
    <p class='ocr_par' dir='ltr' id='par_1_11' title="bbox 319 2842 836 2907">
     <span class='ocr_line' id='line_1_31' title="bbox 319 2842 836 2907; baseline -0.006 -1"><span class='ocrx_word' id='word_1_191' title='bbox 319 2843 485 2907; x_wconf 89' lang='lat' dir='ltr'><strong>tidie</strong></span> <span class='ocrx_word' id='word_1_192' title='bbox 528 2842 836 2907; x_wconf 83' lang='lat' dir='ltr'><strong>variatur.</strong></span> 
     </span>
    </p>

    <p class='ocr_par' dir='ltr' id='par_1_12' title="bbox 151 2938 1840 3910">
     <span class='ocr_line' id='line_1_32' title="bbox 151 2938 1834 3003; baseline 0 -3"><span class='ocrx_word' id='word_1_193' title='bbox 151 2947 184 3000; x_wconf 80' lang='lat'><em>2</em></span> <span class='ocrx_word' id='word_1_194' title='bbox 405 2945 496 3003; x_wconf 81' lang='lat' dir='ltr'><strong>Ec</strong></span> <span class='ocrx_word' id='word_1_195' title='bbox 535 2961 674 3002; x_wconf 83' lang='lat' dir='ltr'><strong>ecce</strong></span> <span class='ocrx_word' id='word_1_196' title='bbox 713 2942 822 3001; x_wconf 79' lang='lat' dir='ltr'><strong>vir</strong></span> <span class='ocrx_word' id='word_1_197' title='bbox 856 2941 1125 3001; x_wconf 76' lang='lat' dir='ltr'><strong>nomine</strong></span> <span class='ocrx_word' id='word_1_198' title='bbox 1161 2941 1492 3002; x_wconf 75' lang='lat' dir='ltr'><strong>Zachoeus.</strong></span> <span class='ocrx_word' id='word_1_199' title='bbox 1539 2938 1834 3001; x_wconf 67' lang='lat' dir='ltr'><strong>Zachaeus</strong></span> 
     </span>
     <span class='ocr_line' id='line_1_33' title="bbox 323 3036 1838 3120; baseline -0.003 -17"><span class='ocrx_word' id='word_1_200' title='bbox 323 3041 500 3103; x_wconf 89' lang='lat' dir='ltr'><strong>inter</strong></span> <span class='ocrx_word' id='word_1_201' title='bbox 537 3039 697 3102; x_wconf 90' lang='lat' dir='ltr'><strong>alios</strong></span> <span class='ocrx_word' id='word_1_202' title='bbox 735 3039 951 3102; x_wconf 89' lang='lat' dir='ltr'><strong>aderat</strong></span> <span class='ocrx_word' id='word_1_203' title='bbox 989 3037 1080 3100; x_wconf 92' lang='lat' dir='ltr'><strong>ibi</strong></span> <span class='ocrx_word' id='word_1_204' title='bbox 1117 3056 1132 3101; x_wconf 72' lang='grc' dir='ltr'><strong><em>ε</em></strong></span> <span class='ocrx_word' id='word_1_205' title='bbox 1166 3037 1280 3120; x_wconf 89' lang='lat' dir='ltr'><strong>qui</strong></span> <span class='ocrx_word' id='word_1_206' title='bbox 1321 3036 1698 3101; x_wconf 89' lang='lat' dir='ltr'><strong>nominatim</strong></span> <span class='ocrx_word' id='word_1_207' title='bbox 1729 3055 1838 3099; x_wconf 86' lang='lat' dir='ltr'><strong>ex-</strong></span> 
     </span>
     <span class='ocr_line' id='line_1_34' title="bbox 325 3135 1839 3222; baseline -0.001 -20"><span class='ocrx_word' id='word_1_208' title='bbox 325 3137 660 3222; x_wconf 86' lang='lat' dir='ltr'><strong>primitur,</strong></span> <span class='ocrx_word' id='word_1_209' title='bbox 712 3137 1018 3218; x_wconf 87' lang='lat' dir='ltr'><strong>quoniam</strong></span> <span class='ocrx_word' id='word_1_210' title='bbox 1071 3135 1436 3218; x_wconf 83' lang='lat' dir='ltr'><strong>exemplare</strong></span> <span class='ocrx_word' id='word_1_211' title='bbox 1485 3143 1549 3198; x_wconf 91' lang='lat' dir='ltr'><strong>et</strong></span> <span class='ocrx_word' id='word_1_212' title='bbox 1597 3135 1839 3200; x_wconf 89' lang='lat' dir='ltr'><strong>virtuo-</strong></span> 
     </span>
     <span class='ocr_line' id='line_1_35' title="bbox 325 3233 1839 3317; baseline -0.003 -18"><span class='ocrx_word' id='word_1_213' title='bbox 325 3256 476 3300; x_wconf 87' lang='lat' dir='ltr'><strong>sum</strong></span> <span class='ocrx_word' id='word_1_214' title='bbox 525 3243 625 3298; x_wconf 91' lang='lat' dir='ltr'><strong>est</strong></span> <span class='ocrx_word' id='word_1_215' title='bbox 665 3235 842 3317; x_wconf 90' lang='lat' dir='ltr'><strong>quod</strong></span> <span class='ocrx_word' id='word_1_216' title='bbox 883 3235 963 3297; x_wconf 89' lang='lat' dir='ltr'><strong>de</strong></span> <span class='ocrx_word' id='word_1_217' title='bbox 1005 3234 1146 3317; x_wconf 90' lang='lat' dir='ltr'><strong>ipso</strong></span> <span class='ocrx_word' id='word_1_218' title='bbox 1185 3234 1292 3298; x_wconf 89' lang='lat' dir='ltr'><strong>hic</strong></span> <span class='ocrx_word' id='word_1_219' title='bbox 1330 3233 1654 3310; x_wconf 90' lang='lat' dir='ltr'><strong>recitatur,</strong></span> <span class='ocrx_word' id='word_1_220' title='bbox 1687 3233 1839 3296; x_wconf 85' lang='lat' dir='ltr'><strong>fuit-</strong></span> 
     </span>
     <span class='ocr_line' id='line_1_36' title="bbox 325 3333 1838 3418; baseline -0.001 -22"><span class='ocrx_word' id='word_1_221' title='bbox 325 3353 461 3418; x_wconf 90' lang='lat' dir='ltr'><strong>que</strong></span> <span class='ocrx_word' id='word_1_222' title='bbox 520 3335 602 3397; x_wconf 91' lang='lat' dir='ltr'><strong>de</strong></span> <span class='ocrx_word' id='word_1_223' title='bbox 659 3349 929 3396; x_wconf 90' lang='lat' dir='ltr'><strong>numero</strong></span> <span class='ocrx_word' id='word_1_224' title='bbox 985 3333 1358 3398; x_wconf 85' lang='lat' dir='ltr'><strong>electorum.</strong></span> <span class='ocrx_word' id='word_1_225' title='bbox 1409 3334 1497 3395; x_wconf 74' lang='lat' dir='ltr'><strong>Et</strong></span> <span class='ocrx_word' id='word_1_226' title='bbox 1545 3334 1652 3394; x_wconf 73' lang='lat' dir='ltr'><strong>bic</strong></span> <span class='ocrx_word' id='word_1_227' title='bbox 1697 3343 1838 3394; x_wconf 82' lang='lat' dir='ltr'><strong>erac</strong></span> 
     </span>
     <span class='ocr_line' id='line_1_37' title="bbox 317 3431 1835 3512; baseline -0.001 -17"><span class='ocrx_word' id='word_1_228' title='bbox 317 3435 636 3512; x_wconf 59' lang='lat' dir='ltr'><strong>princeps</strong></span> <span class='ocrx_word' id='word_1_229' title='bbox 683 3431 1214 3508; x_wconf 77' lang='lat' dir='ltr'><strong>publicanorum,</strong></span> <span class='ocrx_word' id='word_1_230' title='bbox 1275 3431 1398 3495; x_wconf 91' lang='lat' dir='ltr'><strong>hoc</strong></span> <span class='ocrx_word' id='word_1_231' title='bbox 1463 3438 1559 3493; x_wconf 92' lang='lat' dir='ltr'><strong>est</strong></span> <span class='ocrx_word' id='word_1_232' title='bbox 1614 3449 1835 3496; x_wconf 89' lang='lat' dir='ltr'><strong>eorum</strong></span> 
     </span>
     <span class='ocr_line' id='line_1_38' title="bbox 325 3529 1839 3615; baseline -0.001 -21"><span class='ocrx_word' id='word_1_233' title='bbox 325 3532 445 3615; x_wconf 91' lang='lat' dir='ltr'><strong>qui</strong></span> <span class='ocrx_word' id='word_1_234' title='bbox 510 3529 792 3613; x_wconf 87' lang='lat' dir='ltr'><strong>publicis</strong></span> <span class='ocrx_word' id='word_1_235' title='bbox 847 3530 1118 3611; x_wconf 79' lang='lat' dir='ltr'><strong>negotiis</strong></span> <span class='ocrx_word' id='word_1_236' title='bbox 1173 3529 1609 3605; x_wconf 89' lang='lat' dir='ltr'><strong>intendebant,</strong></span> <span class='ocrx_word' id='word_1_237' title='bbox 1666 3530 1839 3595; x_wconf 87' lang='lat' dir='ltr'><strong>vide-</strong></span> 
     </span>
     <span class='ocr_line' id='line_1_39' title="bbox 327 3627 1833 3704; baseline -0.003 -10"><span class='ocrx_word' id='word_1_238' title='bbox 327 3630 486 3694; x_wconf 88' lang='lat' dir='ltr'><strong>licet</strong></span> <span class='ocrx_word' id='word_1_239' title='bbox 522 3627 963 3691; x_wconf 86' lang='lat' dir='ltr'><strong>exactionibus</strong></span> <span class='ocrx_word' id='word_1_240' title='bbox 1003 3627 1412 3703; x_wconf 83' lang='lat' dir='ltr'><strong>tributorum,</strong></span> <span class='ocrx_word' id='word_1_241' title='bbox 1456 3635 1520 3689; x_wconf 90' lang='lat' dir='ltr'><strong>et</strong></span> <span class='ocrx_word' id='word_1_242' title='bbox 1555 3628 1833 3704; x_wconf 86' lang='lat' dir='ltr'><strong>teloniis,</strong></span> 
     </span>
     <span class='ocr_line' id='line_1_40' title="bbox 329 3725 1840 3809; baseline -0.003 -17"><span class='ocrx_word' id='word_1_243' title='bbox 329 3726 888 3809; x_wconf 76' lang='lat' dir='ltr'><strong>vectigalibusque</strong></span> <span class='ocrx_word' id='word_1_244' title='bbox 917 3725 1204 3788; x_wconf 84' lang='lat' dir='ltr'><strong>levandis</strong></span> <span class='ocrx_word' id='word_1_245' title='bbox 1229 3743 1243 3790; x_wconf 91' lang='lat'>:</span> <span class='ocrx_word' id='word_1_246' title='bbox 1267 3743 1414 3807; x_wconf 78' lang='lat' dir='ltr'><strong>quae</strong></span> <span class='ocrx_word' id='word_1_247' title='bbox 1442 3727 1692 3806; x_wconf 80' lang='lat' dir='ltr'><strong>negotia</strong></span> <span class='ocrx_word' id='word_1_248' title='bbox 1720 3726 1840 3788; x_wconf 90' lang='lat' dir='ltr'><strong>im-</strong></span> 
     </span>
     <span class='ocr_line' id='line_1_41' title="bbox 331 3823 1836 3910; baseline -0.001 -20"><span class='ocrx_word' id='word_1_249' title='bbox 331 3827 579 3910; x_wconf 88' lang='lat' dir='ltr'><strong>plicare</strong></span> <span class='ocrx_word' id='word_1_250' title='bbox 629 3825 836 3889; x_wconf 87' lang='lat' dir='ltr'><strong>solent</strong></span> <span class='ocrx_word' id='word_1_251' title='bbox 885 3823 1184 3907; x_wconf 77' lang='lat' dir='ltr'><strong>peccatiS,</strong></span> <span class='ocrx_word' id='word_1_252' title='bbox 1234 3832 1299 3885; x_wconf 94' lang='lat' dir='ltr'><strong>et</strong></span> <span class='ocrx_word' id='word_1_253' title='bbox 1343 3824 1498 3887; x_wconf 89' lang='lat' dir='ltr'><strong>tales</strong></span> <span class='ocrx_word' id='word_1_254' title='bbox 1547 3825 1836 3888; x_wconf 90' lang='lat' dir='ltr'><strong>homines</strong></span> 
     </span>
    </p>
   </div>
   <div class='ocr_carea' id='block_1_12' title="bbox 1935 2838 3731 3907">
    <p class='ocr_par' dir='ltr' id='par_1_13' title="bbox 1941 2838 3434 2926">
     <span class='ocr_line' id='line_1_42' title="bbox 1941 2838 3434 2926; baseline 0.005 -26"><span class='ocrx_word' id='word_1_255' title='bbox 1941 2838 2169 2901; x_wconf 90' lang='lat' dir='ltr'><strong>Abbati</strong></span> <span class='ocrx_word' id='word_1_256' title='bbox 2228 2858 2487 2922; x_wconf 90' lang='lat' dir='ltr'><strong>quoque</strong></span> <span class='ocrx_word' id='word_1_257' title='bbox 2538 2841 2805 2904; x_wconf 85' lang='lat' dir='ltr'><strong>Arsenio</strong></span> <span class='ocrx_word' id='word_1_258' title='bbox 2862 2843 3137 2926; x_wconf 89' lang='lat' dir='ltr'><strong>desuper</strong></span> <span class='ocrx_word' id='word_1_259' title='bbox 3194 2845 3434 2908; x_wconf 91' lang='lat' dir='ltr'><strong>dictum</strong></span> 
     </span>
    </p>

    <p class='ocr_par' dir='ltr' id='par_1_14' title="bbox 1935 2937 3438 3123">
     <span class='ocr_line' id='line_1_43' title="bbox 1942 2937 3438 3020; baseline 0.005 -21"><span class='ocrx_word' id='word_1_260' title='bbox 1942 2944 2038 3000; x_wconf 91' lang='lat' dir='ltr'><strong>est</strong></span> <span class='ocrx_word' id='word_1_261' title='bbox 2091 2956 2104 3000; x_wconf 93' lang='lat'><strong>:</strong></span> <span class='ocrx_word' id='word_1_262' title='bbox 2168 2937 2358 3020; x_wconf 81' lang='lat' dir='ltr'><strong>Fuge,</strong></span> <span class='ocrx_word' id='word_1_263' title='bbox 2420 2946 2577 3013; x_wconf 89' lang='lat' dir='ltr'><strong>tace,</strong></span> <span class='ocrx_word' id='word_1_264' title='bbox 2630 2939 2911 3020; x_wconf 88' lang='lat' dir='ltr'><strong>quiesce.</strong></span> <span class='ocrx_word' id='word_1_265' title='bbox 2968 2943 3139 3012; x_wconf 80' lang='lat' dir='ltr'><strong>Quia</strong></span> <span class='ocrx_word' id='word_1_266' title='bbox 3184 2953 3438 3006; x_wconf 78' lang='lat' dir='ltr'><strong>statura</strong></span> 
     </span>
     <span class='ocr_line' id='line_1_44' title="bbox 1935 3037 3434 3123; baseline 0.007 -28"><span class='ocrx_word' id='word_1_267' title='bbox 1935 3037 2225 3113; x_wconf 78' lang='lat' dir='ltr'><strong>pusillus</strong></span> <span class='ocrx_word' id='word_1_268' title='bbox 2270 3046 2438 3106; x_wconf 77' lang='lat' dir='ltr'><strong>erat,</strong></span> <span class='ocrx_word' id='word_1_269' title='bbox 2486 3037 2606 3100; x_wconf 90' lang='lat' dir='ltr'><strong>hoc</strong></span> <span class='ocrx_word' id='word_1_270' title='bbox 2663 3044 2759 3099; x_wconf 92' lang='lat' dir='ltr'><strong>est</strong></span> <span class='ocrx_word' id='word_1_271' title='bbox 2817 3056 3083 3121; x_wconf 89' lang='lat' dir='ltr'><strong>corpore</strong></span> <span class='ocrx_word' id='word_1_272' title='bbox 3132 3060 3366 3123; x_wconf 86' lang='lat' dir='ltr'><strong>parvus</strong></span> <span class='ocrx_word' id='word_1_273' title='bbox 3420 3061 3434 3106; x_wconf 71' lang='grc' dir='ltr'>ε</span> 
     </span>
    </p>

    <p class='ocr_par' dir='ltr' id='par_1_15' title="bbox 1939 3133 3731 3314">
     <span class='ocr_line' id='line_1_45' title="bbox 1943 3133 3731 3220; baseline 0.002 -24"><span class='ocrx_word' id='word_1_274' title='bbox 1943 3135 2110 3198; x_wconf 92' lang='lat' dir='ltr'><strong>sicut</strong></span> <span class='ocrx_word' id='word_1_275' title='bbox 2149 3134 2504 3198; x_wconf 89' lang='lat' dir='ltr'><strong>econtrario</strong></span> <span class='ocrx_word' id='word_1_276' title='bbox 2545 3133 2693 3197; x_wconf 90' lang='lat' dir='ltr'><strong>Saul</strong></span> <span class='ocrx_word' id='word_1_277' title='bbox 2736 3144 2800 3198; x_wconf 89' lang='lat' dir='ltr'><strong>et</strong></span> <span class='ocrx_word' id='word_1_278' title='bbox 2839 3136 2950 3200; x_wconf 88' lang='lat' dir='ltr'><strong>alii</strong></span> <span class='ocrx_word' id='word_1_279' title='bbox 2991 3138 3275 3220; x_wconf 91' lang='lat' dir='ltr'><strong>quidam,</strong></span> <span class='ocrx_word' id='word_1_280' title='bbox 3310 3159 3441 3202; x_wconf 86' lang='lat' dir='ltr'><strong>ma·</strong></span> <span class='ocrx_word' id='word_1_281' title='bbox 3468 3157 3591 3214; x_wconf 73' lang='lat'><strong>11100.</strong></span> <span class='ocrx_word' id='word_1_282' title='bbox 3612 3170 3670 3208; x_wconf 65' lang='lat' dir='ltr'><strong>nx,</strong></span> <span class='ocrx_word' id='word_1_283' title='bbox 3690 3159 3731 3200; x_wconf 66' lang='grc' dir='ltr'><strong>ε.</strong></span> 
     </span>
     <span class='ocr_line' id='line_1_46' title="bbox 1939 3232 3012 3314; baseline 0 -18"><span class='ocrx_word' id='word_1_284' title='bbox 1939 3233 2052 3314; x_wconf 75' lang='lat' dir='ltr'><strong>gni</strong></span> <span class='ocrx_word' id='word_1_285' title='bbox 2095 3240 2335 3296; x_wconf 86' lang='lat' dir='ltr'><strong>statura</strong></span> <span class='ocrx_word' id='word_1_286' title='bbox 2376 3232 2577 3295; x_wconf 83' lang='lat' dir='ltr'><strong>fuisse</strong></span> <span class='ocrx_word' id='word_1_287' title='bbox 2620 3233 3012 3298; x_wconf 83' lang='lat' dir='ltr'><strong>scribuntur.</strong></span> 
     </span>
    </p>

    <p class='ocr_par' dir='ltr' id='par_1_16' title="bbox 1943 3333 3618 3907">
     <span class='ocr_line' id='line_1_47' title="bbox 2023 3333 3618 3416; baseline 0.005 -22"><span class='ocrx_word' id='word_1_288' title='bbox 2023 3333 2110 3394; x_wconf 75' lang='lat' dir='ltr'><strong>Et</strong></span> <span class='ocrx_word' id='word_1_289' title='bbox 2132 3352 2545 3412; x_wconf 79' lang='lat' dir='ltr'><strong>proecurrens</strong></span> <span class='ocrx_word' id='word_1_290' title='bbox 2572 3335 2862 3394; x_wconf 76' lang='lat' dir='ltr'><strong>ascendit</strong></span> <span class='ocrx_word' id='word_1_291' title='bbox 2902 3335 2977 3395; x_wconf 78' lang='lat' dir='ltr'><strong>in</strong></span> <span class='ocrx_word' id='word_1_292' title='bbox 3014 3338 3303 3398; x_wconf 85' lang='lat' dir='ltr'><strong>arborem</strong></span> <span class='ocrx_word' id='word_1_293' title='bbox 3334 3357 3441 3416; x_wconf 79' lang='lat' dir='ltr'><strong>sy-</strong></span> <span class='ocrx_word' id='word_1_294' title='bbox 3580 3345 3618 3402; x_wconf 70' lang='lat'>4</span> 
     </span>
     <span class='ocr_line' id='line_1_48' title="bbox 1943 3428 3441 3514; baseline 0.004 -22"><span class='ocrx_word' id='word_1_295' title='bbox 1943 3450 2293 3493; x_wconf 79' lang='lat' dir='ltr'><strong>comarum.</strong></span> <span class='ocrx_word' id='word_1_296' title='bbox 2345 3428 2724 3514; x_wconf 82' lang='lat' dir='ltr'><strong>Sycomorus</strong></span> <span class='ocrx_word' id='word_1_297' title='bbox 2773 3439 2869 3494; x_wconf 89' lang='lat' dir='ltr'><strong>est</strong></span> <span class='ocrx_word' id='word_1_298' title='bbox 2916 3432 3105 3496; x_wconf 92' lang='lat' dir='ltr'><strong>arbor</strong></span> <span class='ocrx_word' id='word_1_299' title='bbox 3153 3434 3219 3496; x_wconf 90' lang='lat' dir='ltr'><strong>in</strong></span> <span class='ocrx_word' id='word_1_300' title='bbox 3268 3434 3441 3498; x_wconf 85' lang='lat' dir='ltr'><strong>foliis</strong></span> 
     </span>
     <span class='ocr_line' id='line_1_49' title="bbox 1945 3529 3445 3607; baseline 0.003 -15"><span class='ocrx_word' id='word_1_301' title='bbox 1945 3548 2124 3593; x_wconf 89' lang='lat' dir='ltr'><strong>moro</strong></span> <span class='ocrx_word' id='word_1_302' title='bbox 2163 3529 2537 3604; x_wconf 89' lang='lat' dir='ltr'><strong>consimilis,</strong></span> <span class='ocrx_word' id='word_1_303' title='bbox 2572 3537 2635 3591; x_wconf 92' lang='lat' dir='ltr'><strong>et</strong></span> <span class='ocrx_word' id='word_1_304' title='bbox 2675 3529 2742 3590; x_wconf 89' lang='lat' dir='ltr'><strong>in</strong></span> <span class='ocrx_word' id='word_1_305' title='bbox 2782 3529 2925 3591; x_wconf 90' lang='lat' dir='ltr'><strong>aliis</strong></span> <span class='ocrx_word' id='word_1_306' title='bbox 2964 3529 3145 3607; x_wconf 86' lang='lat' dir='ltr'><strong>ficui,</strong></span> <span class='ocrx_word' id='word_1_307' title='bbox 3180 3532 3290 3595; x_wconf 91' lang='lat' dir='ltr'><strong>sed</strong></span> <span class='ocrx_word' id='word_1_308' title='bbox 3333 3534 3445 3596; x_wconf 89' lang='lat' dir='ltr'><strong>sti-</strong></span> 
     </span>
     <span class='ocr_line' id='line_1_50' title="bbox 1946 3627 3442 3713; baseline 0.003 -23"><span class='ocrx_word' id='word_1_309' title='bbox 1946 3629 2078 3713; x_wconf 88' lang='lat' dir='ltr'><strong>pite</strong></span> <span class='ocrx_word' id='word_1_310' title='bbox 2108 3629 2362 3703; x_wconf 79' lang='lat' dir='ltr'><strong>distanS,</strong></span> <span class='ocrx_word' id='word_1_311' title='bbox 2382 3636 2445 3690; x_wconf 89' lang='lat' dir='ltr'><strong>et</strong></span> <span class='ocrx_word' id='word_1_312' title='bbox 2472 3627 2808 3690; x_wconf 88' lang='lat' dir='ltr'><strong>altitudine</strong></span> <span class='ocrx_word' id='word_1_313' title='bbox 2836 3627 3041 3709; x_wconf 90' lang='lat' dir='ltr'><strong>major</strong></span> <span class='ocrx_word' id='word_1_314' title='bbox 3065 3647 3079 3692; x_wconf 94' lang='lat'><strong>:</strong></span> <span class='ocrx_word' id='word_1_315' title='bbox 3106 3648 3221 3711; x_wconf 87' lang='lat' dir='ltr'><strong>per</strong></span> <span class='ocrx_word' id='word_1_316' title='bbox 3249 3650 3442 3713; x_wconf 90' lang='lat' dir='ltr'><strong>quam</strong></span> 
     </span>
     <span class='ocr_line' id='line_1_51' title="bbox 1943 3725 3446 3809; baseline 0.001 -19"><span class='ocrx_word' id='word_1_317' title='bbox 1943 3726 2345 3808; x_wconf 86' lang='lat' dir='ltr'><strong>significatur</strong></span> <span class='ocrx_word' id='word_1_318' title='bbox 2374 3745 2531 3788; x_wconf 84' lang='lat' dir='ltr'><strong>crux</strong></span> <span class='ocrx_word' id='word_1_319' title='bbox 2562 3725 2819 3799; x_wconf 88' lang='lat' dir='ltr'><strong>Christi,</strong></span> <span class='ocrx_word' id='word_1_320' title='bbox 2855 3734 3117 3809; x_wconf 88' lang='lat' dir='ltr'><strong>propter</strong></span> <span class='ocrx_word' id='word_1_321' title='bbox 3152 3729 3312 3792; x_wconf 87' lang='lat' dir='ltr'><strong>mori</strong></span> <span class='ocrx_word' id='word_1_322' title='bbox 3346 3748 3446 3792; x_wconf 91' lang='lat' dir='ltr'><strong>ru-</strong></span> 
     </span>
     <span class='ocr_line' id='line_1_52' title="bbox 1944 3823 3448 3907; baseline 0.002 -19"><span class='ocrx_word' id='word_1_323' title='bbox 1944 3826 2231 3906; x_wconf 81' lang='lat' dir='ltr'><strong>biginem</strong></span> <span class='ocrx_word' id='word_1_324' title='bbox 2263 3831 2326 3887; x_wconf 92' lang='lat' dir='ltr'><strong>et</strong></span> <span class='ocrx_word' id='word_1_325' title='bbox 2355 3823 2523 3887; x_wconf 85' lang='lat' dir='ltr'><strong>ficus</strong></span> <span class='ocrx_word' id='word_1_326' title='bbox 2552 3824 2977 3888; x_wconf 89' lang='lat' dir='ltr'><strong>dulcedinem.</strong></span> <span class='ocrx_word' id='word_1_327' title='bbox 3003 3824 3066 3889; x_wconf 91' lang='lat' dir='ltr'><strong>Si</strong></span> <span class='ocrx_word' id='word_1_328' title='bbox 3098 3843 3247 3907; x_wconf 80' lang='lat' dir='ltr'><strong>ergo</strong></span> <span class='ocrx_word' id='word_1_329' title='bbox 3277 3827 3448 3891; x_wconf 88' lang='lat' dir='ltr'><strong>Chri-</strong></span> 
     </span>
    </p>
   </div>
   <div class='ocr_carea' id='block_1_13' title="bbox 331 3920 3445 4005">
    <p class='ocr_par' dir='ltr' id='par_1_17' title="bbox 331 3920 3445 4005">
     <span class='ocr_line' id='line_1_53' title="bbox 331 3920 3445 4005; baseline 0 -17"><span class='ocrx_word' id='word_1_330' title='bbox 331 3933 520 3989; x_wconf 89' lang='lat' dir='ltr'><strong>erant</strong></span> <span class='ocrx_word' id='word_1_331' title='bbox 560 3923 987 3988; x_wconf 90' lang='lat' dir='ltr'><strong>communiter</strong></span> <span class='ocrx_word' id='word_1_332' title='bbox 1033 3929 1393 4005; x_wconf 85' lang='lat' dir='ltr'><strong>peccatores</strong></span> <span class='ocrx_word' id='word_1_333' title='bbox 1419 3941 1435 4003; x_wconf 92' lang='lat'>;</span> <span class='ocrx_word' id='word_1_334' title='bbox 1475 3932 1535 3984; x_wconf 79' lang='lat' dir='ltr'><strong>et</strong></span> <span class='ocrx_word' id='word_1_335' title='bbox 1571 3925 1707 4001; x_wconf 82' lang='lat' dir='ltr'><strong>ipse</strong></span> <span class='ocrx_word' id='word_1_336' title='bbox 1741 3925 1840 3985; x_wconf 78' lang='lat' dir='ltr'><strong>di·</strong></span> <span class='ocrx_word' id='word_1_337' title='bbox 1875 3920 1920 3987; x_wconf 93' lang='lat' dir='ltr'><strong>C</strong></span> <span class='ocrx_word' id='word_1_338' title='bbox 1947 3933 2119 3987; x_wconf 90' lang='lat' dir='ltr'><strong>stum</strong></span> <span class='ocrx_word' id='word_1_339' title='bbox 2148 3929 2364 3986; x_wconf 90' lang='lat' dir='ltr'><strong>mente</strong></span> <span class='ocrx_word' id='word_1_340' title='bbox 2392 3922 2721 4004; x_wconf 89' lang='lat' dir='ltr'><strong>adspicere</strong></span> <span class='ocrx_word' id='word_1_341' title='bbox 2753 3922 3057 4002; x_wconf 79' lang='lat' dir='ltr'><strong>volumuS‚</strong></span> <span class='ocrx_word' id='word_1_342' title='bbox 3080 3925 3159 3987; x_wconf 91' lang='lat' dir='ltr'><strong>ad</strong></span> <span class='ocrx_word' id='word_1_343' title='bbox 3190 3943 3445 3988; x_wconf 88' lang='lat' dir='ltr'><strong>crucem</strong></span> 
     </span>
    </p>
   </div>
   <div class='ocr_carea' id='block_1_14' title="bbox 169 4021 1843 5088">
    <p class='ocr_par' dir='ltr' id='par_1_18' title="bbox 333 4021 1842 4501">
     <span class='ocr_line' id='line_1_54' title="bbox 333 4021 1842 4104; baseline -0.002 -17"><span class='ocrx_word' id='word_1_344' title='bbox 333 4045 442 4087; x_wconf 73' lang='lat' dir='ltr'><strong>vec</strong></span> <span class='ocrx_word' id='word_1_345' title='bbox 477 4025 548 4086; x_wconf 91' lang='lat' dir='ltr'><strong>in</strong></span> <span class='ocrx_word' id='word_1_346' title='bbox 589 4021 1072 4104; x_wconf 85' lang='lat' dir='ltr'><strong>temporalibus.</strong></span> <span class='ocrx_word' id='word_1_347' title='bbox 1111 4021 1236 4083; x_wconf 88' lang='lat' dir='ltr'><strong>Ista</strong></span> <span class='ocrx_word' id='word_1_348' title='bbox 1277 4021 1356 4083; x_wconf 89' lang='lat' dir='ltr'><strong>de</strong></span> <span class='ocrx_word' id='word_1_349' title='bbox 1398 4021 1540 4103; x_wconf 91' lang='lat' dir='ltr'><strong>ipso</strong></span> <span class='ocrx_word' id='word_1_350' title='bbox 1583 4040 1842 4085; x_wconf 86' lang='lat' dir='ltr'><strong>narran-</strong></span> 
     </span>
     <span class='ocr_line' id='line_1_55' title="bbox 333 4118 1842 4203; baseline -0.002 -18"><span class='ocrx_word' id='word_1_351' title='bbox 333 4131 466 4199; x_wconf 90' lang='lat' dir='ltr'><strong>tur,</strong></span> <span class='ocrx_word' id='word_1_352' title='bbox 515 4129 590 4185; x_wconf 92' lang='lat' dir='ltr'><strong>ut</strong></span> <span class='ocrx_word' id='word_1_353' title='bbox 635 4119 778 4203; x_wconf 87' lang='lat' dir='ltr'><strong>ejus</strong></span> <span class='ocrx_word' id='word_1_354' title='bbox 826 4118 1160 4183; x_wconf 88' lang='lat' dir='ltr'><strong>conversio</strong></span> <span class='ocrx_word' id='word_1_355' title='bbox 1203 4119 1540 4201; x_wconf 81' lang='lat' dir='ltr'><strong>gratiosior</strong></span> <span class='ocrx_word' id='word_1_356' title='bbox 1583 4120 1842 4183; x_wconf 91' lang='lat' dir='ltr'><strong>mirabi-</strong></span> 
     </span>
     <span class='ocr_line' id='line_1_56' title="bbox 333 4216 1838 4304; baseline -0.003 -18"><span class='ocrx_word' id='word_1_357' title='bbox 333 4223 593 4304; x_wconf 89' lang='lat' dir='ltr'><strong>liorque</strong></span> <span class='ocrx_word' id='word_1_358' title='bbox 631 4224 954 4303; x_wconf 88' lang='lat' dir='ltr'><strong>appareat,</strong></span> <span class='ocrx_word' id='word_1_359' title='bbox 997 4224 1060 4279; x_wconf 92' lang='lat' dir='ltr'><strong>et</strong></span> <span class='ocrx_word' id='word_1_360' title='bbox 1107 4235 1187 4280; x_wconf 93' lang='lat' dir='ltr'><strong>ne</strong></span> <span class='ocrx_word' id='word_1_361' title='bbox 1225 4216 1438 4298; x_wconf 81' lang='lat' dir='ltr'><strong>magni</strong></span> <span class='ocrx_word' id='word_1_362' title='bbox 1480 4227 1838 4300; x_wconf 84' lang='lat' dir='ltr'><strong>peccatores</strong></span> 
     </span>
     <span class='ocr_line' id='line_1_57' title="bbox 335 4317 1839 4403; baseline -0.001 -19"><span class='ocrx_word' id='word_1_363' title='bbox 335 4323 704 4403; x_wconf 88' lang='lat' dir='ltr'><strong>desperent,</strong></span> <span class='ocrx_word' id='word_1_364' title='bbox 747 4334 868 4380; x_wconf 91' lang='lat' dir='ltr'><strong>nec</strong></span> <span class='ocrx_word' id='word_1_365' title='bbox 904 4317 1134 4380; x_wconf 82' lang='lat' dir='ltr'><strong>divites</strong></span> <span class='ocrx_word' id='word_1_366' title='bbox 1176 4323 1685 4392; x_wconf 86' lang='lat' dir='ltr'><strong>contemnantur,</strong></span> <span class='ocrx_word' id='word_1_367' title='bbox 1729 4319 1839 4382; x_wconf 90' lang='lat' dir='ltr'><strong>sed</strong></span> 
     </span>
     <span class='ocr_line' id='line_1_58' title="bbox 337 4414 1630 4501; baseline -0.005 -18"><span class='ocrx_word' id='word_1_368' title='bbox 337 4419 538 4501; x_wconf 85' lang='lat' dir='ltr'><strong>hujus</strong></span> <span class='ocrx_word' id='word_1_369' title='bbox 583 4415 825 4479; x_wconf 79' lang='lat' dir='ltr'><strong>Zachaei</strong></span> <span class='ocrx_word' id='word_1_370' title='bbox 867 4415 1198 4477; x_wconf 86' lang='lat' dir='ltr'><strong>imitentur</strong></span> <span class='ocrx_word' id='word_1_371' title='bbox 1239 4414 1630 4498; x_wconf 78' lang='lat' dir='ltr'><strong>exemplum.</strong></span> 
     </span>
    </p>

    <p class='ocr_par' dir='ltr' id='par_1_19' title="bbox 169 4514 1843 5088">
     <span class='ocr_line' id='line_1_59' title="bbox 169 4514 1838 4597; baseline -0.001 -20"><span class='ocrx_word' id='word_1_372' title='bbox 169 4521 201 4577; x_wconf 78' lang='lat'><strong>3</strong></span> <span class='ocrx_word' id='word_1_373' title='bbox 425 4521 510 4580; x_wconf 80' lang='lat' dir='ltr'><strong>Ec</strong></span> <span class='ocrx_word' id='word_1_374' title='bbox 557 4515 887 4597; x_wconf 79' lang='lat' dir='ltr'><strong>quaerebac</strong></span> <span class='ocrx_word' id='word_1_375' title='bbox 935 4514 1154 4574; x_wconf 80' lang='lat' dir='ltr'><strong>videre</strong></span> <span class='ocrx_word' id='word_1_376' title='bbox 1199 4515 1418 4574; x_wconf 83' lang='lat' dir='ltr'><strong>Jesum</strong></span> <span class='ocrx_word' id='word_1_377' title='bbox 1466 4516 1615 4595; x_wconf 81' lang='lat' dir='ltr'><strong>quis</strong></span> <span class='ocrx_word' id='word_1_378' title='bbox 1660 4525 1838 4585; x_wconf 77' lang='lat' dir='ltr'><strong>esset,</strong></span> 
     </span>
     <span class='ocr_line' id='line_1_60' title="bbox 340 4611 1843 4695; baseline -0.003 -14"><span class='ocrx_word' id='word_1_379' title='bbox 340 4618 464 4681; x_wconf 87' lang='lat' dir='ltr'><strong>hoc</strong></span> <span class='ocrx_word' id='word_1_380' title='bbox 505 4623 628 4690; x_wconf 92' lang='lat' dir='ltr'><strong>est,</strong></span> <span class='ocrx_word' id='word_1_381' title='bbox 672 4613 887 4676; x_wconf 89' lang='lat' dir='ltr'><strong>Jesum</strong></span> <span class='ocrx_word' id='word_1_382' title='bbox 932 4611 1345 4693; x_wconf 88' lang='lat' dir='ltr'><strong>corporaliter</strong></span> <span class='ocrx_word' id='word_1_383' title='bbox 1385 4612 1621 4674; x_wconf 88' lang='lat' dir='ltr'><strong>intueri</strong></span> <span class='ocrx_word' id='word_1_384' title='bbox 1667 4621 1843 4695; x_wconf 88' lang='lat' dir='ltr'><strong>opta-</strong></span> 
     </span>
     <span class='ocr_line' id='line_1_61' title="bbox 341 4709 1836 4796; baseline -0.003 -19"><span class='ocrx_word' id='word_1_385' title='bbox 341 4714 457 4789; x_wconf 82' lang='lat' dir='ltr'><strong>vit,</strong></span> <span class='ocrx_word' id='word_1_386' title='bbox 510 4712 668 4796; x_wconf 89' lang='lat' dir='ltr'><strong>quia</strong></span> <span class='ocrx_word' id='word_1_387' title='bbox 725 4711 805 4774; x_wconf 89' lang='lat' dir='ltr'><strong>de</strong></span> <span class='ocrx_word' id='word_1_388' title='bbox 861 4709 1001 4790; x_wconf 82' lang='lat' dir='ltr'><strong>ejus</strong></span> <span class='ocrx_word' id='word_1_389' title='bbox 1059 4709 1390 4790; x_wconf 87' lang='lat' dir='ltr'><strong>sapientia,</strong></span> <span class='ocrx_word' id='word_1_390' title='bbox 1451 4710 1836 4791; x_wconf 88' lang='lat' dir='ltr'><strong>eloquentia,</strong></span> 
     </span>
     <span class='ocr_line' id='line_1_62' title="bbox 339 4807 1837 4890; baseline -0.002 -14"><span class='ocrx_word' id='word_1_391' title='bbox 339 4813 675 4876; x_wconf 87' lang='lat' dir='ltr'><strong>sanctitate</strong></span> <span class='ocrx_word' id='word_1_392' title='bbox 711 4817 906 4890; x_wconf 89' lang='lat' dir='ltr'><strong>atque</strong></span> <span class='ocrx_word' id='word_1_393' title='bbox 942 4807 1270 4870; x_wconf 90' lang='lat' dir='ltr'><strong>miraculis</strong></span> <span class='ocrx_word' id='word_1_394' title='bbox 1309 4807 1509 4870; x_wconf 89' lang='lat' dir='ltr'><strong>multa</strong></span> <span class='ocrx_word' id='word_1_395' title='bbox 1545 4809 1791 4872; x_wconf 87' lang='lat' dir='ltr'><strong>audivit</strong></span> <span class='ocrx_word' id='word_1_396' title='bbox 1823 4827 1837 4873; x_wconf 90' lang='lat'><strong>:</strong></span> 
     </span>
     <span class='ocr_line' id='line_1_63' title="bbox 343 4905 1842 4993; baseline -0.002 -20"><span class='ocrx_word' id='word_1_397' title='bbox 343 4917 568 4993; x_wconf 85' lang='lat' dir='ltr'><strong>estque</strong></span> <span class='ocrx_word' id='word_1_398' title='bbox 611 4907 902 4972; x_wconf 90' lang='lat' dir='ltr'><strong>naturale</strong></span> <span class='ocrx_word' id='word_1_399' title='bbox 943 4905 1314 4970; x_wconf 86' lang='lat' dir='ltr'><strong>hominibus</strong></span> <span class='ocrx_word' id='word_1_400' title='bbox 1356 4906 1514 4969; x_wconf 89' lang='lat' dir='ltr'><strong>tales</strong></span> <span class='ocrx_word' id='word_1_401' title='bbox 1551 4907 1842 4970; x_wconf 91' lang='lat' dir='ltr'><strong>homines</strong></span> 
     </span>
     <span class='ocr_line' id='line_1_64' title="bbox 345 5005 1843 5088; baseline -0.002 -17"><span class='ocrx_word' id='word_1_402' title='bbox 345 5009 622 5072; x_wconf 89' lang='lat' dir='ltr'><strong>libenter</strong></span> <span class='ocrx_word' id='word_1_403' title='bbox 677 5005 1030 5088; x_wconf 88' lang='lat' dir='ltr'><strong>adspicere,</strong></span> <span class='ocrx_word' id='word_1_404' title='bbox 1091 5005 1258 5067; x_wconf 90' lang='lat' dir='ltr'><strong>sicut</strong></span> <span class='ocrx_word' id='word_1_405' title='bbox 1315 5012 1378 5067; x_wconf 91' lang='lat' dir='ltr'><strong>et</strong></span> <span class='ocrx_word' id='word_1_406' title='bbox 1437 5013 1647 5068; x_wconf 89' lang='lat' dir='ltr'><strong>cetera</strong></span> <span class='ocrx_word' id='word_1_407' title='bbox 1708 5025 1843 5069; x_wconf 91' lang='lat' dir='ltr'><strong>ma-</strong></span> 
     </span>
    </p>
   </div>
   <div class='ocr_carea' id='block_1_15' title="bbox 1946 4020 3735 4986">
    <p class='ocr_par' dir='ltr' id='par_1_20' title="bbox 1946 4020 3735 4986">
     <span class='ocr_line' id='line_1_65' title="bbox 1948 4020 3449 4105; baseline 0.002 -20"><span class='ocrx_word' id='word_1_408' title='bbox 1948 4023 2155 4105; x_wconf 89' lang='lat' dir='ltr'><strong>ipsius</strong></span> <span class='ocrx_word' id='word_1_409' title='bbox 2194 4020 2661 4102; x_wconf 81' lang='lat' dir='ltr'><strong>confugiamus,</strong></span> <span class='ocrx_word' id='word_1_410' title='bbox 2696 4039 2967 4103; x_wconf 91' lang='lat' dir='ltr'><strong>eamque</strong></span> <span class='ocrx_word' id='word_1_411' title='bbox 3010 4041 3125 4104; x_wconf 89' lang='lat' dir='ltr'><strong>per</strong></span> <span class='ocrx_word' id='word_1_412' title='bbox 3164 4023 3449 4088; x_wconf 90' lang='lat' dir='ltr'><strong>dilectio-</strong></span> 
     </span>
     <span class='ocr_line' id='line_1_66' title="bbox 1948 4119 3449 4196; baseline 0.002 -12"><span class='ocrx_word' id='word_1_413' title='bbox 1948 4140 2118 4196; x_wconf 89' lang='lat' dir='ltr'><strong>nem,</strong></span> <span class='ocrx_word' id='word_1_414' title='bbox 2154 4120 2627 4184; x_wconf 89' lang='lat' dir='ltr'><strong>meditationem</strong></span> <span class='ocrx_word' id='word_1_415' title='bbox 2666 4127 2730 4182; x_wconf 90' lang='lat' dir='ltr'><strong>et</strong></span> <span class='ocrx_word' id='word_1_416' title='bbox 2768 4119 3188 4184; x_wconf 88' lang='lat' dir='ltr'><strong>imitationem</strong></span> <span class='ocrx_word' id='word_1_417' title='bbox 3227 4142 3449 4187; x_wconf 88' lang='lat' dir='ltr'><strong>ascen-</strong></span> 
     </span>
     <span class='ocr_line' id='line_1_67' title="bbox 1949 4218 3449 4304; baseline 0.002 -21"><span class='ocrx_word' id='word_1_418' title='bbox 1949 4222 2196 4294; x_wconf 80' lang='lat' dir='ltr'><strong>damuS,</strong></span> <span class='ocrx_word' id='word_1_419' title='bbox 2232 4218 2690 4282; x_wconf 87' lang='lat' dir='ltr'><strong>considerando</strong></span> <span class='ocrx_word' id='word_1_420' title='bbox 2726 4218 2884 4299; x_wconf 88' lang='lat' dir='ltr'><strong>quid</strong></span> <span class='ocrx_word' id='word_1_421' title='bbox 2921 4238 3038 4301; x_wconf 91' lang='lat' dir='ltr'><strong>pro</strong></span> <span class='ocrx_word' id='word_1_422' title='bbox 3080 4220 3262 4284; x_wconf 90' lang='lat' dir='ltr'><strong>nobis</strong></span> <span class='ocrx_word' id='word_1_423' title='bbox 3308 4242 3449 4304; x_wconf 89' lang='lat' dir='ltr'><strong>pas·-</strong></span> 
     </span>
     <span class='ocr_line' id='line_1_68' title="bbox 1950 4315 3441 4403; baseline 0.003 -20"><span class='ocrx_word' id='word_1_424' title='bbox 1950 4339 2057 4383; x_wconf 91' lang='lat' dir='ltr'><strong>sus</strong></span> <span class='ocrx_word' id='word_1_425' title='bbox 2087 4318 2172 4380; x_wconf 91' lang='lat' dir='ltr'><strong>sit</strong></span> <span class='ocrx_word' id='word_1_426' title='bbox 2200 4316 2509 4392; x_wconf 78' lang='lat' dir='ltr'><strong>ChristuS,</strong></span> <span class='ocrx_word' id='word_1_427' title='bbox 2542 4324 2605 4378; x_wconf 90' lang='lat' dir='ltr'><strong>et</strong></span> <span class='ocrx_word' id='word_1_428' title='bbox 2635 4315 2773 4397; x_wconf 86' lang='lat' dir='ltr'><strong>ejus</strong></span> <span class='ocrx_word' id='word_1_429' title='bbox 2805 4318 3102 4382; x_wconf 89' lang='lat' dir='ltr'><strong>sectando</strong></span> <span class='ocrx_word' id='word_1_430' title='bbox 3129 4321 3394 4403; x_wconf 82' lang='lat' dir='ltr'><strong>vestigia</strong></span> <span class='ocrx_word' id='word_1_431' title='bbox 3425 4341 3441 4387; x_wconf 75' lang='grc' dir='ltr'><strong><em>ε</em></strong></span> 
     </span>
     <span class='ocr_line' id='line_1_69' title="bbox 1948 4414 3444 4500; baseline 0.003 -19"><span class='ocrx_word' id='word_1_432' title='bbox 1948 4419 2173 4500; x_wconf 90' lang='lat' dir='ltr'><strong>sicque</strong></span> <span class='ocrx_word' id='word_1_433' title='bbox 2221 4414 2735 4478; x_wconf 88' lang='lat' dir='ltr'><strong>illuminabimur</strong></span> <span class='ocrx_word' id='word_1_434' title='bbox 2778 4415 3051 4497; x_wconf 80' lang='lat' dir='ltr'><strong>gratiose</strong></span> <span class='ocrx_word' id='word_1_435' title='bbox 3098 4437 3135 4480; x_wconf 91' lang='lat' dir='ltr'><strong>a</strong></span> <span class='ocrx_word' id='word_1_436' title='bbox 3181 4419 3328 4495; x_wconf 91' lang='lat' dir='ltr'><strong>Deo,</strong></span> <span class='ocrx_word' id='word_1_437' title='bbox 3382 4429 3444 4484; x_wconf 90' lang='lat' dir='ltr'><strong>et</strong></span> 
     </span>
     <span class='ocr_line' id='line_1_70' title="bbox 1949 4513 3441 4595; baseline 0.001 -14"><span class='ocrx_word' id='word_1_438' title='bbox 1949 4515 2271 4581; x_wconf 88' lang='lat' dir='ltr'><strong>Christum</strong></span> <span class='ocrx_word' id='word_1_439' title='bbox 2329 4513 2908 4595; x_wconf 87' lang='lat' dir='ltr'><strong>contemplabimur</strong></span> <span class='ocrx_word' id='word_1_440' title='bbox 2955 4515 3222 4580; x_wconf 89' lang='lat' dir='ltr'><strong>radiose.</strong></span> <span class='ocrx_word' id='word_1_441' title='bbox 3276 4518 3441 4584; x_wconf 89' lang='lat' dir='ltr'><strong>Talis</strong></span> 
     </span>
     <span class='ocr_line' id='line_1_71' title="bbox 1946 4611 3733 4698; baseline 0.002 -21"><span class='ocrx_word' id='word_1_442' title='bbox 1946 4614 2072 4677; x_wconf 78' lang='lat' dir='ltr'><strong>fuit</strong></span> <span class='ocrx_word' id='word_1_443' title='bbox 2099 4612 2329 4674; x_wconf 88' lang='lat' dir='ltr'><strong>Paulus</strong></span> <span class='ocrx_word' id='word_1_444' title='bbox 2367 4613 2480 4694; x_wconf 94' lang='lat' dir='ltr'><strong>qui</strong></span> <span class='ocrx_word' id='word_1_445' title='bbox 2520 4612 2608 4674; x_wconf 92' lang='lat' dir='ltr'><strong>ait</strong></span> <span class='ocrx_word' id='word_1_446' title='bbox 2641 4630 2655 4675; x_wconf 92' lang='lat'><strong>:</strong></span> <span class='ocrx_word' id='word_1_447' title='bbox 2690 4611 2938 4675; x_wconf 88' lang='lat' dir='ltr'><strong>Christo</strong></span> <span class='ocrx_word' id='word_1_448' title='bbox 2974 4612 3267 4678; x_wconf 84' lang='lat' dir='ltr'><strong>confixus</strong></span> <span class='ocrx_word' id='word_1_449' title='bbox 3298 4637 3438 4680; x_wconf 91' lang='lat' dir='ltr'><strong>sum</strong></span> <span class='ocrx_word' id='word_1_450' title='bbox 3513 4646 3733 4698; x_wconf 55' lang='lat' dir='ltr'><strong>amm,</strong></span> 
     </span>
     <span class='ocr_line' id='line_1_72' title="bbox 1949 4709 3717 4815; baseline 0.001 -38"><span class='ocrx_word' id='word_1_451' title='bbox 1949 4711 2124 4778; x_wconf 89' lang='lat' dir='ltr'><strong>cruci</strong></span> <span class='ocrx_word' id='word_1_452' title='bbox 2152 4731 2169 4793; x_wconf 85' lang='lat'><em>3</em></span> <span class='ocrx_word' id='word_1_453' title='bbox 2202 4710 2506 4793; x_wconf 89' lang='lat' dir='ltr'><strong>itemque,</strong></span> <span class='ocrx_word' id='word_1_454' title='bbox 2540 4709 2670 4793; x_wconf 81' lang='lat' dir='ltr'><strong>Ego</strong></span> <span class='ocrx_word' id='word_1_455' title='bbox 2698 4711 2989 4792; x_wconf 80' lang='lat' dir='ltr'><strong>stigmata</strong></span> <span class='ocrx_word' id='word_1_456' title='bbox 3016 4711 3266 4775; x_wconf 88' lang='lat' dir='ltr'><strong>Domini</strong></span> <span class='ocrx_word' id='word_1_457' title='bbox 3295 4713 3440 4777; x_wconf 89' lang='lat' dir='ltr'><strong>Jesu</strong></span> <span class='ocrx_word' id='word_1_458' title='bbox 3468 4711 3639 4815; x_wconf 49' lang='lat' dir='ltr'><strong>{giam</strong></span> <span class='ocrx_word' id='word_1_459' title='bbox 3667 4774 3717 4814; x_wconf 62' lang='grc' dir='ltr'><strong>Π</strong></span> 
     </span>
     <span class='ocr_line' id='line_1_73' title="bbox 1949 4802 3735 4891; baseline -0.001 -16"><span class='ocrx_word' id='word_1_460' title='bbox 1949 4812 2017 4875; x_wconf 91' lang='lat' dir='ltr'><strong>in</strong></span> <span class='ocrx_word' id='word_1_461' title='bbox 2062 4827 2328 4891; x_wconf 83' lang='lat' dir='ltr'><strong>corpore</strong></span> <span class='ocrx_word' id='word_1_462' title='bbox 2375 4826 2519 4871; x_wconf 89' lang='lat' dir='ltr'><strong>meo</strong></span> <span class='ocrx_word' id='word_1_463' title='bbox 2563 4814 2765 4890; x_wconf 86' lang='lat' dir='ltr'><strong>porto.</strong></span> <span class='ocrx_word' id='word_1_464' title='bbox 2820 4811 2897 4870; x_wconf 82' lang='lat' dir='ltr'><strong>Ut</strong></span> <span class='ocrx_word' id='word_1_465' title='bbox 2938 4811 3182 4870; x_wconf 75' lang='lat' dir='ltr'><strong>videret</strong></span> <span class='ocrx_word' id='word_1_466' title='bbox 3220 4812 3437 4873; x_wconf 79' lang='lat' dir='ltr'><strong>illum.</strong></span> <span class='ocrx_word' id='word_1_467' title='bbox 3643 4802 3654 4823; x_wconf 88' lang='lat'>&#39;</span> <span class='ocrx_word' id='word_1_468' title='bbox 3721 4802 3735 4816; x_wconf 84' lang='grc'><strong>’</strong></span> 
     </span>
     <span class='ocr_line' id='line_1_74' title="bbox 1949 4904 3735 4986; baseline 0.004 -16"><span class='ocrx_word' id='word_1_469' title='bbox 1949 4907 2118 4970; x_wconf 89' lang='lat' dir='ltr'><strong>Beati</strong></span> <span class='ocrx_word' id='word_1_470' title='bbox 2160 4905 2395 4968; x_wconf 88' lang='lat' dir='ltr'><strong>etenim</strong></span> <span class='ocrx_word' id='word_1_471' title='bbox 2435 4905 2627 4980; x_wconf 89' lang='lat' dir='ltr'><strong>oculi,</strong></span> <span class='ocrx_word' id='word_1_472' title='bbox 2662 4905 2774 4986; x_wconf 90' lang='lat' dir='ltr'><strong>qui</strong></span> <span class='ocrx_word' id='word_1_473' title='bbox 2806 4904 3124 4969; x_wconf 88' lang='lat' dir='ltr'><strong>Christum</strong></span> <span class='ocrx_word' id='word_1_474' title='bbox 3163 4906 3445 4972; x_wconf 77' lang='lat' dir='ltr'><strong>fideliter</strong></span> <span class='ocrx_word' id='word_1_475' title='bbox 3473 4931 3582 4976; x_wconf 75' lang='lat' dir='ltr'><strong>Luc.</strong></span> <span class='ocrx_word' id='word_1_476' title='bbox 3604 4933 3735 4982; x_wconf 56' lang='lat' dir='ltr'><strong>nas.</strong></span> 
     </span>
    </p>
   </div>
   <div class='ocr_carea' id='block_1_16' title="bbox 1950 5004 3445 5089">
    <p class='ocr_par' dir='ltr' id='par_1_21' title="bbox 1950 5004 3445 5089">
     <span class='ocr_line' id='line_1_75' title="bbox 1950 5004 3445 5089; baseline -0.001 -18"><span class='ocrx_word' id='word_1_477' title='bbox 1950 5009 2402 5089; x_wconf 88' lang='lat' dir='ltr'><strong>adspexerunt.</strong></span> <span class='ocrx_word' id='word_1_478' title='bbox 2439 5005 2608 5074; x_wconf 73' lang='lat' dir='ltr'><strong>Quia</strong></span> <span class='ocrx_word' id='word_1_479' title='bbox 2640 5006 2819 5074; x_wconf 82' lang='lat' dir='ltr'><strong>inde,</strong></span> <span class='ocrx_word' id='word_1_480' title='bbox 2850 5004 2969 5068; x_wconf 89' lang='lat' dir='ltr'><strong>hoc</strong></span> <span class='ocrx_word' id='word_1_481' title='bbox 2998 5013 3094 5067; x_wconf 89' lang='lat' dir='ltr'><strong>est</strong></span> <span class='ocrx_word' id='word_1_482' title='bbox 3125 5024 3241 5088; x_wconf 90' lang='lat' dir='ltr'><strong>per</strong></span> <span class='ocrx_word' id='word_1_483' title='bbox 3276 5008 3445 5070; x_wconf 90' lang='lat' dir='ltr'><strong>viam</strong></span> 
     </span>
    </p>
   </div>
   <div class='ocr_carea' id='block_1_17' title="bbox 347 5101 3451 5189">
    <p class='ocr_par' dir='ltr' id='par_1_22' title="bbox 347 5101 3451 5189">
     <span class='ocr_line' id='line_1_76' title="bbox 347 5101 3451 5189; baseline -0.001 -19"><span class='ocrx_word' id='word_1_484' title='bbox 347 5125 492 5189; x_wconf 81' lang='lat' dir='ltr'><strong>gna,</strong></span> <span class='ocrx_word' id='word_1_485' title='bbox 532 5115 598 5169; x_wconf 88' lang='lat' dir='ltr'><strong>et</strong></span> <span class='ocrx_word' id='word_1_486' title='bbox 643 5123 810 5178; x_wconf 89' lang='lat' dir='ltr'><strong>rara,</strong></span> <span class='ocrx_word' id='word_1_487' title='bbox 851 5123 924 5167; x_wconf 90' lang='lat' dir='ltr'><strong>ac</strong></span> <span class='ocrx_word' id='word_1_488' title='bbox 962 5121 1146 5167; x_wconf 89' lang='lat' dir='ltr'><strong>nova.</strong></span> <span class='ocrx_word' id='word_1_489' title='bbox 1189 5101 1366 5165; x_wconf 89' lang='lat' dir='ltr'><strong>Unde</strong></span> <span class='ocrx_word' id='word_1_490' title='bbox 1413 5110 1474 5165; x_wconf 88' lang='lat' dir='ltr'><strong>et</strong></span> <span class='ocrx_word' id='word_1_491' title='bbox 1523 5102 1693 5166; x_wconf 84' lang='lat' dir='ltr'><strong>infra</strong></span> <span class='ocrx_word' id='word_1_492' title='bbox 1741 5105 1849 5166; x_wconf 89' lang='lat' dir='ltr'><strong>ha·</strong></span> <span class='ocrx_word' id='word_1_493' title='bbox 1879 5107 1928 5168; x_wconf 90' lang='lat' dir='ltr'><strong>D</strong></span> <span class='ocrx_word' id='word_1_494' title='bbox 1956 5105 2155 5178; x_wconf 88' lang='lat' dir='ltr'><strong>illam,</strong></span> <span class='ocrx_word' id='word_1_495' title='bbox 2195 5111 2337 5164; x_wconf 76' lang='lat' dir='ltr'><strong>erat</strong></span> <span class='ocrx_word' id='word_1_496' title='bbox 2378 5103 2797 5164; x_wconf 77' lang='lat' dir='ltr'><strong>transiturus.</strong></span> <span class='ocrx_word' id='word_1_497' title='bbox 2842 5101 2909 5164; x_wconf 89' lang='lat' dir='ltr'><strong>In</strong></span> <span class='ocrx_word' id='word_1_498' title='bbox 2960 5101 3082 5166; x_wconf 89' lang='lat' dir='ltr'><strong>hoc</strong></span> <span class='ocrx_word' id='word_1_499' title='bbox 3132 5112 3302 5186; x_wconf 89' lang='lat' dir='ltr'><strong>patet</strong></span> <span class='ocrx_word' id='word_1_500' title='bbox 3344 5124 3451 5169; x_wconf 84' lang='lat' dir='ltr'><strong>ve—</strong></span> 
     </span>
    </p>
   </div>
   <div class='ocr_carea' id='block_1_18' title="bbox 85 5200 1854 5388">
    <p class='ocr_par' dir='ltr' id='par_1_23' title="bbox 85 5200 1854 5388">
     <span class='ocr_line' id='line_1_77' title="bbox 99 5200 1854 5287; baseline 0.002 -26"><span class='ocrx_word' id='word_1_501' title='bbox 99 5219 322 5276; x_wconf 59' lang='lat' dir='ltr'><strong>1fflm..</strong></span> <span class='ocrx_word' id='word_1_502' title='bbox 349 5206 558 5282; x_wconf 91' lang='lat' dir='ltr'><strong>betur,</strong></span> <span class='ocrx_word' id='word_1_503' title='bbox 597 5204 774 5287; x_wconf 88' lang='lat' dir='ltr'><strong>quod</strong></span> <span class='ocrx_word' id='word_1_504' title='bbox 822 5201 1096 5266; x_wconf 86' lang='lat' dir='ltr'><strong>Herodes</strong></span> <span class='ocrx_word' id='word_1_505' title='bbox 1144 5201 1349 5265; x_wconf 90' lang='lat' dir='ltr'><strong>multo</strong></span> <span class='ocrx_word' id='word_1_506' title='bbox 1394 5208 1680 5284; x_wconf 89' lang='lat' dir='ltr'><strong>tempore</strong></span> <span class='ocrx_word' id='word_1_507' title='bbox 1726 5200 1854 5265; x_wconf 77' lang='lat' dir='ltr'><strong>fuit</strong></span> 
     </span>
     <span class='ocr_line' id='line_1_78' title="bbox 85 5283 1850 5388; baseline -0.003 -19"><span class='ocrx_word' id='word_1_508' title='bbox 85 5283 120 5324; x_wconf 80' lang='lat'><strong>⁸·</strong></span> <span class='ocrx_word' id='word_1_509' title='bbox 353 5305 618 5388; x_wconf 86' lang='lat' dir='ltr'><strong>cupiens</strong></span> <span class='ocrx_word' id='word_1_510' title='bbox 657 5302 878 5368; x_wconf 84' lang='lat' dir='ltr'><strong>videre</strong></span> <span class='ocrx_word' id='word_1_511' title='bbox 918 5301 1155 5376; x_wconf 81' lang='lat' dir='ltr'><strong>Iesum,</strong></span> <span class='ocrx_word' id='word_1_512' title='bbox 1198 5307 1262 5363; x_wconf 89' lang='lat' dir='ltr'><strong>et</strong></span> <span class='ocrx_word' id='word_1_513' title='bbox 1300 5299 1436 5364; x_wconf 89' lang='lat' dir='ltr'><strong>viso</strong></span> <span class='ocrx_word' id='word_1_514' title='bbox 1478 5319 1553 5364; x_wconf 93' lang='lat' dir='ltr'><strong>eo</strong></span> <span class='ocrx_word' id='word_1_515' title='bbox 1593 5301 1850 5382; x_wconf 81' lang='lat' dir='ltr'><strong>gavisus</strong></span> 
     </span>
    </p>
   </div>
   <div class='ocr_carea' id='block_1_19' title="bbox 1957 5198 3456 5381">
    <p class='ocr_par' dir='ltr' id='par_1_24' title="bbox 1957 5198 3456 5381">
     <span class='ocr_line' id='line_1_79' title="bbox 1957 5198 3456 5285; baseline -0.001 -20"><span class='ocrx_word' id='word_1_516' title='bbox 1957 5202 2223 5265; x_wconf 88' lang='lat' dir='ltr'><strong>hemens</strong></span> <span class='ocrx_word' id='word_1_517' title='bbox 2271 5200 2485 5264; x_wconf 81' lang='lat' dir='ltr'><strong>fervor</strong></span> <span class='ocrx_word' id='word_1_518' title='bbox 2536 5198 2774 5261; x_wconf 83' lang='lat' dir='ltr'><strong>Zachaei</strong></span> <span class='ocrx_word' id='word_1_519' title='bbox 2822 5200 2903 5262; x_wconf 91' lang='lat' dir='ltr'><strong>ad</strong></span> <span class='ocrx_word' id='word_1_520' title='bbox 2948 5198 3179 5263; x_wconf 88' lang='lat' dir='ltr'><strong>Christi</strong></span> <span class='ocrx_word' id='word_1_521' title='bbox 3227 5203 3456 5285; x_wconf 88' lang='lat' dir='ltr'><strong>adspe—</strong></span> 
     </span>
     <span class='ocr_line' id='line_1_80' title="bbox 1959 5297 3455 5381; baseline 0 -17"><span class='ocrx_word' id='word_1_522' title='bbox 1959 5307 2157 5376; x_wconf 91' lang='lat' dir='ltr'><strong>ctum,</strong></span> <span class='ocrx_word' id='word_1_523' title='bbox 2206 5307 2271 5362; x_wconf 88' lang='lat' dir='ltr'><strong>et</strong></span> <span class='ocrx_word' id='word_1_524' title='bbox 2316 5299 2489 5381; x_wconf 89' lang='lat' dir='ltr'><strong>quod</strong></span> <span class='ocrx_word' id='word_1_525' title='bbox 2548 5315 2675 5360; x_wconf 90' lang='lat' dir='ltr'><strong>non</strong></span> <span class='ocrx_word' id='word_1_526' title='bbox 2722 5297 2981 5360; x_wconf 90' lang='lat' dir='ltr'><strong>erubuit</strong></span> <span class='ocrx_word' id='word_1_527' title='bbox 3037 5297 3104 5360; x_wconf 93' lang='lat' dir='ltr'><strong>in</strong></span> <span class='ocrx_word' id='word_1_528' title='bbox 3159 5299 3455 5365; x_wconf 89' lang='lat' dir='ltr'><strong>arborem</strong></span> 
     </span>
    </p>
   </div>
  </div>
 </body>
</html>
