4300 6259
555 1500 682 1543 Rom.
699 1511 770 1539 vui

525 1563 592 1602 35.

529 4061 722 4168 ’.ἔπαλ
733 4075 792 4113 xi,

555 4257 676 4302 Ibid.
704 4272 792 4309 xiii,

527 4324 596 4365 28.

611 1614 682 1669 70

611 3555 678 3612 71

615 4430 686 4486 72

803 504 925 570 406

1575 520 1928 569 suamne
1970 518 2036 566 m
2075 519 2215 567 m.
2260 519 2323 565 Vl
2365 518 2643 567 somnis·
2688 537 2769 549 -—
2808 518 2951 565 Am.
2996 517 3147 563 xvm

808 692 1002 757 vitam
1047 701 1347 758 aeternam
1391 694 1730 778 perducit:
1767 712 1894 756 non
1933 693 2106 755 enim
2156 690 2387 754 tem-A
2418 708 2569 771 ergo
2618 690 2905 753 Christus
2953 690 3283 754 admonuit
3327 690 3571 763 ludam,
3622 688 3733 771 qui
3780 688 3905 751 sibi

809 792 1051 874 poralia
1081 794 1268 869 bona,
1319 802 1387 856 ut
1425 794 1663 877 Moyses
1709 800 1772 855 et
1807 792 2155 873 Prophetae,
2200 791 2308 851 sed

809 900 1043 954 aeterna
1076 894 1412 975 promittis,
1441 894 1509 955 In
1559 893 1657 954 his
1705 891 1916 954 verbis
1956 890 2311 953 ostenditur

809 1009 960 1055 vera
997 1000 1061 1054 et
1097 991 1342 1055 fervida
1385 992 1610 1055 caritas
1648 990 1809 1053 Petri
1852 991 1930 1052 ad
1962 988 2305 1061 Christum,

812 1108 847 1149 a
905 1109 1034 1171 quo
1095 1091 1458 1153 nullatenus
1509 1090 1712 1153 voluit
1759 1087 2060 1169 separari.
2117 1086 2309 1149 Amor

815 1206 1046 1270 nempe
1089 1189 1286 1251 nectit
1323 1196 1640 1251 amantem
1681 1194 1890 1249 amato
1928 1193 2100 1248 tanto
2141 1184 2311 1246 inse-

816 1286 1184 1367 parabilius,
1239 1286 1509 1349 validius
1566 1293 1757 1366 atque
1816 1283 2127 1356 intimiuS,
2180 1300 2309 1363 quo

817 1382 1012 1446 fuerit
1055 1386 1277 1465 maior.
1337 1385 1597 1466 Propter
1646 1383 1818 1465 quod
1876 1382 1964 1443 ait
2010 1381 2240 1443 Paulus
2289 1400 2303 1443 z

775 1482 966 1555 ‚Quis
1015 1503 1129 1546 nos
1179 1484 1497 1566 separabit
1543 1504 1580 1546 a
1627 1484 1884 1545 caritate
1925 1481 2192 1545 Christi?
2226 1484 2309 1541 Ει

815 1602 929 1643 nos
957 1584 1280 1643 credimus
1323 1581 1455 1644 fide
1494 1580 1783 1656 formata,
1816 1579 2110 1662 quamvis
2153 1597 2309 1640 non-

816 1682 966 1742 dum
1020 1681 1297 1763 perlecta
1346 1690 1410 1743 et
1457 1680 1754 1753 stabilita,
1788 1690 1847 1740 et
1893 1680 2307 1756 coynovimus

815 1797 930 1861 per
973 1780 1210 1841 donum
1256 1779 1641 1851 intellectuS,
1675 1778 1846 1859 quod
1899 1778 2064 1839 inest
2109 1774 2309 1838 omni-

2418 791 2495 852 de
2542 790 2799 872 propria
2842 789 3155 871 pravitate
3196 789 3487 852 conscius
3530 787 3671 849 l'uit.

2500 888 2677 950 Circa
2716 884 2887 950 hunc
2930 888 3139 949 locum
3180 888 3394 969 aliqua
3441 887 3662 949 dicunt
3694 886 3906 966 Augu-

2419 988 2623 1049 stinus
2671 994 2733 1049 et
2766 986 2948 1061 Beda,
2982 1006 3127 1068 quae
3176 987 3342 1048 sicut
3390 1006 3513 1049 non
3562 986 3763 1048 audeo
3812 1002 3906 1045 re—

2418 1084 2811 1168 probare,ita
2841 1103 2957 1147 nec
2988 1085 3364 1167 approbare,
3382 1084 3673 1166 quamvis
3694 1076 3830 1165 'aliq
3842 1084 3899 1145 ui

2420 1185 2762 1267 reprobent
2798 1202 2890 1246 ea.
2934 1184 3165 1247 Dicunt
3202 1202 3371 1265 ergo,
3406 1185 3575 1265 quod
3618 1183 3901 1246 Christus

2418 1284 2607 1363 elegit
2660 1283 2907 1358 Judam,
2970 1290 3039 1345 ut
3096 1301 3210 1365 per
3275 1283 3415 1363 ejus
3482 1282 3899 1365 proditionem

2418 1382 2767 1463 compleret
2826 1388 3105 1443 nostram
3166 1380 3457 1442 salutem.
3508 1379 3643 1443 Non
3692 1386 3899 1441 tamen

2416 1488 2754 1542 excusatur
2801 1479 2987 1541 Judas
3038 1499 3075 1540 a
3122 1479 3331 1560 culpa,
3390 1478 3541 1560 quia
3590 1497 3713 1541 non
3762 1478 3902 1540 ideo

2418 1578 2695 1653 tradidit,
2742 1578 2894 1659 quia
2940 1578 3201 1651 electuS,
3240 1578 3349 1639 sed
3398 1578 3509 1658 qui
3562 1577 3902 1639 traditurus

2418 1676 2563 1752 fuit,
2598 1678 2836 1739 electus
2866 1686 2981 1739 est.
3016 1676 3553 1749 Quemadmodum
3588 1676 3759 1738 enim
3790 1676 3905 1737 ini-

2417 1776 2529 1859 qui
2566 1776 2731 1838 male
2772 1784 3039 1837 utuntur
3078 1774 3415 1837 beneficiis
3446 1774 3577 1849 Dei,
3612 1774 3704 1836 sic
3743 1774 3903 1835 Deus

813 1877 933 1938 bus
993 1877 1188 1939 sidem
1247 1876 1576 1940 formatam
1629 1876 2032 1949 habentibuS,
2083 1882 2146 1936 et
2197 1892 2309 1956 per
2345 1876 2389 1937 Β
2416 1876 2579 1937 bene
2638 1876 2838 1936 utitur
2896 1872 3229 1936 maleficiis
3290 1873 3645 1942 hominum,
3696 1881 3761 1935 et
3814 1872 3907 1933 sic

813 1975 973 2037 illud
1016 1976 1320 2057 perspicit
1368 1975 1580 2037 anima
1626 1993 1770 2055 quae
1813 1973 1967 2035 fidei
2013 1981 2183 2045 sunt,
2220 1972 2309 2035 vi-

813 2075 968 2137 dens
1001 2093 1114 2155 pcr
1157 2074 1436 2155 aliquam
1483 2073 1790 2135 rationem
1834 2091 1959 2153 qua
2005 2070 2167 2133 fides
2210 2090 2310 2133 os-

814 2173 1096 2235 tenditur
1129 2190 1267 2235 esse
1312 2192 1349 2235 a
1397 2173 1542 2247 Deo,
1577 2173 1946 2253 quodvera
1990 2170 2119 2232 sint
2165 2189 2309 2251 quae

812 2272 1037 2334 asserit
1065 2270 1248 2334 fides,
1283 2270 1358 2333 Et
1395 2288 1672 2351 congrue
1719 2270 1838 2347 ait,
1879 2268 2208 2332 Credimus
2247 2276 2309 2330 et

813 2370 1562 2451 cognovimuS,quoniam
1595 2371 1850 2433 credere
1882 2368 2184 2451 praecedit
2214 2368 2311 2428 in-

813 2469 1117 2549 telligere.
1176 2471 1343 2537 Quia
1396 2479 1464 2530 tu
1514 2489 1576 2528 es
1623 2469 1938 2536 Christus,
1987 2465 2305 2548 spirituali

812 2567 973 2642 oleo,
1007 2568 1070 2629 id
1101 2575 1198 2630 est
1223 2568 1568 2647 gratiarum
1601 2566 2019 2648 plenitudine,
2054 2572 2306 2638 unctuS,

813 2673 1124 2749 quantum
1173 2666 1250 2727 ad
1302 2673 1590 2727 naturam
1641 2672 2053 2746 assumptam,
2109 2664 2175 2725 in
2217 2681 2312 2723 re-

810 2782 954 2846 gem
985 2772 1049 2826 et
1076 2765 1464 2827 sacerdotem
1495 2763 1900 2837 altissimum,
1925 2764 2142 2823 Filius
2163 2764 2309 2831 Dei,

814 2882 940 2925 non
970 2862 1328 2944 adoptivuS,
1360 2863 1470 2924 sed
1501 2861 1821 2923 naturalis
1856 2860 1983 2923 Hoc
2013 2859 2311 2941 frequen-

813 2969 908 3024 ter
940 2961 1266 3024 confessus
1308 2970 1405 3023 cst
1437 2960 1650 3023 Petrus
1678 2979 1691 3022 τ
1717 2968 1778 3023 et
1809 2959 1873 3021 in
1916 2959 2129 3021 verbis
2172 2958 2308 3020 istis

2416 1972 2703 2035 Christus
2742 1972 2905 2033 bene
2949 1991 3102 2033 usus
3144 1979 3239 2033 est
3279 1970 3519 2032 malitia
3555 1969 3748 2033 Judae.
3782 1969 3906 2051 Ego

2418 2078 2571 2152 puto
2613 2072 2783 2151 quod
2816 2070 3101 2132 Christus
3150 2069 3340 2150 elegit
3366 2069 3589 2131 Judam
3638 2069 3713 2130 ad
3760 2087 3910 2150 apo-

2416 2169 2734 2241 stolatum,
2772 2176 2841 2229 ut
2871 2168 3091 2230 videns
3132 2176 3370 2231 tantam
3402 2168 3698 2250 pietatem
3735 2167 3911 2231 Chri-

2416 2268 2518 2341 sti,
2554 2268 2910 2349 poeniteret‚
2946 2275 3008 2329 et
3037 2267 3455 2349 apostolicum
3494 2266 3785 2329 officium
3816 2266 3910 2328 di-

2414 2383 2537 2446 gne
2577 2374 3090 2447 prosequeretur.
3124 2364 3244 2427 Sed
3284 2364 3582 2446 quoniam
3624 2364 3907 2428 Christus

2419 2464 2597 2527 novit
2623 2464 2806 2525 aliter
2836 2482 2974 2525 esse
3012 2462 3326 2538 futurum,
3360 2462 3662 2525 sustinuit
3685 2462 3907 2525 Judam

2419 2570 2678 2644 propter
2724 2561 2977 2636 meliuS,
3012 2561 3274 2631 scilicet,
3323 2569 3393 2624 ut
3441 2578 3557 2642 per
3602 2578 3747 2622 eum
3793 2560 3910 2621 im-

2418 2660 2700 2743 pleretur
2749 2660 3081 2742 prophetia
3128 2661 3205 2721 de
3249 2658 3478 2722 Christi
3529 2658 3905 2741 proditione.

2418 2758 2611 2821 Tanta
2657 2758 2900 2841 quippe
2940 2767 3037 2822 est
3075 2758 3325 2822 bonitas
3364 2758 3471 2820 Dei
3511 2776 3622 2820 seu
3654 2756 3905 2832 Christi,

2416 2859 2588 2939 quod
2648 2876 2773 2921 non
2843 2858 3182 2920 sustineret
3248 2875 3457 2939 neque
3519 2857 3912 2939 permitteret

2418 2956 2680 3030 malum,
2728 2954 2849 3017 nisi
2889 2964 3101 3038 posset
3148 2964 3211 3018 et
3262 2956 3453 3019 vellet
3488 2955 3636 3017 inde
3682 2955 3911 3017 elicere

811 3060 1094 3140 tangitur
1124 3059 1359 3141 duplex
1393 3066 1616 3119 natura
1656 3057 1993 3138 unitasque
2023 3074 2311 3138 personae
2340 3054 2385 3117 C
2416 3055 2680 3118 bonum.

815 3158 880 3220 in
922 3158 1190 3221 Christ0.

894 3255 1150 3331 Verum,
1203 3256 1356 3337 quia
1405 3254 1734 3336 responsio
1783 3254 1946 3315 Petri
1998 3262 2307 3335 quantum

814 3355 892 3416 ad
936 3355 1159 3417 Judam
1209 3353 1608 3427 claudicavit,
1643 3354 1720 3415 de
1768 3371 1894 3433 quo
1943 3360 2153 3414 tamen
2206 3352 2313 3414 Pe-

819 3460 952 3514 trus
994 3453 1082 3514 nil
1125 3452 1274 3514 mali
1317 3450 1746 3533 praesumpsit,
1782 3450 1924 3513 ideo
1962 3450 2259 3513 subditur
2292 3468 2307 3511 ε

815 3551 1170 3628 Respondit
1199 3551 1290 3609 eis
1319 3552 1499 3609 Jesus
1531 3570 1552 3610 .·
1585 3550 1816 3611 Nonne
1858 3568 1969 3625 e90
2009 3567 2115 3607 vos
2156 3551 2313 3608 duo-

817 3648 1020 3709 decim
1051 3648 1239 3725 eleyi,
1271 3647 1334 3709 id
1365 3654 1479 3721 est,
1517 3666 1646 3728 prae
1677 3646 1902 3708 ceteris
1931 3647 2008 3707 ad
2045 3646 2311 3725 gratiam

817 3746 1206 3828 apostolatus
1237 3745 1482 3820 vocavi,
1515 3756 1574 3806 ec
1613 3766 1782 3805 unus
1829 3766 1911 3804 em
1960 3746 2132 3804 vobis
2168 3746 2315 3804 dia-

819 3848 997 3905 bolus
1037 3847 1178 3907 est?
1221 3863 1346 3908 non
1398 3862 1512 3927 per
1557 3843 1918 3917 essentiam,
1954 3843 2062 3905 sed
2113 3850 2314 3904 muta-

819 3942 1083 4015 tionem,
1117 3942 1238 4005 hoc
1277 3950 1379 4004 est
1426 3942 1778 4004 diabolicus
1828 3948 2088 4022 propter
2135 3940 2315 4002 mali-

823 4040 998 4115 tiam,
1059 4040 1226 4104 sicut
1285 4040 1553 4103 Ioannes
1613 4039 1887 4122 Baptista
1952 4039 2159 4101 dictus
2216 4046 2315 4101 est

823 4139 1106 4219 angelus,
1139 4146 1203 4201 et
1237 4139 1362 4202 alio
1403 4140 1538 4202 loco
1569 4138 1852 4201 Salvator
1891 4145 2071 4201 vocat
2103 4137 2313 4200 diabo-

2496 3152 2797 3215 Praedicta
2824 3160 3037 3214 autem
3067 3152 3331 3215 assertio
3360 3152 3693 3233 Augustini
3724 3160 3785 3213 et
3812 3152 3913 3213 Bc-

2418 3250 2512 3312 dae
2541 3249 2845 3312 fundatur
2881 3250 2946 3312 in
2990 3250 3131 3325 hoc,
3165 3252 3335 3331 quod
3380 3251 3600 3313 dicunt
3624 3251 3845 3313 Judam
3875 3270 3913 3312 a

2422 3349 2740 3431 principio
2780 3368 2909 3411 suae
2954 3349 3304 3412 vocationis
3336 3350 3573 3411 malum
3605 3349 3821 3419 fuisse,
3846 3358 3911 3411 et

2419 3447 2485 3509 in
2526 3447 2765 3509 malitia
2798 3447 3176 3530 perstitisse.
3202 3447 3396 3527 Cujus
3428 3448 3793 3530 oppositum
3820 3456 3913 3509 te-

2419 3552 2528 3607 net
2556 3553 2618 3607 et
2649 3545 2876 3627 probat
2906 3545 3085 3627 Lyra,
3120 3545 3275 3627 quia
3316 3546 3679 3610 distributio
3716 3546 3914 3609 bono-

2422 3662 2562 3704 rum
2595 3642 2871 3724 pertinet
2908 3643 2986 3704 ad
3024 3642 3334 3723 justitiam
3372 3644 3907 3718 commutativam,

2420 3741 2771 3803 secundum
2814 3740 3294 3822 Philosophum,
3330 3748 3549 3823 utpote
3593 3750 3662 3804 ut
3699 3742 3913 3805 melio-

2422 3839 2597 3901 ribus
2640 3838 2841 3920 major
2886 3840 3087 3903 honor
3135 3840 3559 3921 impendatur.
3593 3840 3721 3905 Non
3764 3860 3913 3922 ergo

2417 3939 2605 4000 Judas
2637 3945 2893 4001 vocatus
2934 3938 3161 4001 suisset
3197 3940 3273 4001 ad
3312 3940 3753 4021 apostolatum,
3787 3941 3912 4002 nisi

2421 4045 2573 4099 tunc
2601 4036 2830 4117 dignus
2862 4035 2889 4097 s
2893 4038 3110 4111 uisset,
3136 4038 3234 4101 vel
3264 4036 3651 4119 justificatus
3680 4058 3719 4100 a
3745 4038 3914 4101 Chri-

2420 4143 2537 4209 sto,
2573 4134 2739 4196 sicut
2777 4134 3122 4209 MatthaeuS,
3148 4144 3220 4197 ut
3251 4145 3417 4198 esset
3462 4136 3691 4217 dignus
3742 4144 3913 4201 tanto

824 4237 957 4299 lum
1017 4238 1364 4312 hominem,
1414 4237 1631 4300 dicens
1695 4255 1708 4299 ε
1768 4236 2072 4299 Inimicus
2123 4236 2313 4299 homo
2346 4233 2681 4303 Dhonore.
2733 4231 3053 4315 Quidquid
3102 4241 3314 4296 autem
3374 4234 3455 4295 sit
3512 4236 3592 4297 de
3650 4236 3913 4299 veritate

823 4336 941 4399 hoc
985 4335 1157 4399 fecit.

899 4437 1164 4497 Dicebat
1211 4444 1428 4496 autem
1477 4438 1556 4495 de
1601 4437 1776 4495 Juda
1815 4434 2105 4495 Simonis
2141 4436 2315 4494 Isca-

817 4534 1022 4593 riocoe.
1056 4532 1200 4595 Fuit
1227 4532 1400 4594 enim
1431 4532 1740 4595 oriundus
1771 4532 1848 4596 de
1881 4530 2021 4593 vico
2053 4530 2313 4593 nomine

819 4628 1092 4693 Carioth.
1144 4631 1268 4693 ista
1315 4639 1463 4693 sunt
1507 4630 1702 4693 verba
1737 4629 1992 4692 Joannis
2033 4628 2313 4709 Evange-

821 4728 1002 4803 listae,
1037 4747 1164 4792 non
1197 4727 1450 4791 Christi.
1487 4727 1772 4791 Christus
1813 4727 1986 4789 enim
2031 4746 2159 4791 non
2205 4746 2313 4789 ex-

816 4828 1048 4909 pressit
1090 4826 1335 4901 Judam,
1389 4826 1541 4907 quia
1587 4826 1874 4889 occultus
1921 4824 2065 4900 suit,
2118 4833 2182 4887 et
2230 4843 2311 4887 ne

816 4924 1182 4987 diffamatus
1213 4924 1397 4986 fieret
1428 4923 1645 5006 pejor3
1684 4924 1779 4986 vel
1824 4924 2058 5005 potius,
2097 4931 2167 4984 ut
2197 4942 2312 5005 per

815 5023 954 5104 ejus
1012 5023 1438 5105 proditionem
1497 5023 1918 5104 implerentur
1977 5022 2311 5104 scripturae

813 5122 1268 5205 Prophetarum
1318 5123 1397 5184 de
1446 5122 1782 5184 traditione
1827 5120 2057 5184 Christi
2102 5140 2139 5183 a
2196 5140 2310 5183 suo

817 5221 1157 5302 discipulo,
1193 5222 1319 5281 Hic
1347 5223 1524 5282 em‘m
1560 5230 1702 5282 erac
1734 5222 2097 5281 traditurus
2136 5240 2307 5287 eum,

818 5338 1023 5399 quum
1059 5329 1212 5379 esset
1255 5339 1428 5381 unus
1475 5340 1557 5379 em
1596 5319 1957 5380 duodecim.
1993 5317 2307 5401 Implicite

2419 4331 2784 4393 assertionis
2815 4332 3149 4411 Augustini
3182 4340 3245 4394 et
3272 4331 3471 4407 Bedae,
3507 4341 3715 4396 tamen
3754 4334 3913 4399 ratio

2421 4430 2539 4493 ista
2570 4430 2658 4492 nil
2704 4430 2968 4494 obtinet.
3002 4432 3232 4506 Primo,
3266 4432 3567 4513 quoniam
3607 4434 3914 4515 apostola-

2424 4538 2543 4601 tus,
2580 4529 2744 4591 sicut
2772 4537 2834 4590 et
2865 4530 3220 4612 prophetia,
3256 4530 3532 4612 pertinet
3568 4532 3641 4593 ad
3680 4532 3913 4611 gratias

2416 4628 2610 4709 gratis
2642 4629 2835 4702 dataS,
2855 4647 3000 4709 quae
3030 4648 3196 4710 saepe
3227 4629 3626 4711 impiissimis
3656 4630 3905 4692 dantur.

2418 4726 2593 4789 Unde
2651 4727 2727 4788 de
2783 4725 3163 4789 facientibus
3224 4727 3531 4789 miracula
3578 4728 3795 4801 multa,
3844 4739 3912 4793 et

2419 4824 2948 4907 prophetantibus
2997 4825 3062 4887 in
3116 4826 3373 4889 nomine
3413 4826 3665 4899 Christi,
3710 4827 3910 4889 dictu-

2420 4943 2526 4985 rus
2558 4930 2652 4985 est
2684 4922 2967 4985 Christus
2998 4942 3012 4986 :
3042 4924 3350 4985 Discedite
3378 4944 3415 4985 a
3448 4943 3569 4999 me,
3603 4924 3909 5005 quoniam
3958 4958 4223 5009 unum„

2419 5040 2745 5102 nunquam
2803 5020 2949 5083 novi
3003 5040 3134 5084 vos.
3182 5021 3253 5083 Et
3312 5022 3554 5083 Balaam
3615 5040 3909 5104 perseve—
3941 5022 4206 5128 &mma

2420 5120 2581 5181 ranti
2612 5119 2675 5181 in
2704 5120 2871 5182 malo
2902 5120 3082 5182 datus
3112 5127 3207 5182 est
3236 5120 3500 5202 spiritus
3531 5121 3903 5203 prophetiae.
3942 5161 4067 5193 xm.

2417 5218 2679 5293 RursuS,
2716 5218 3017 5299 q-uoniam
3058 5219 3549 5283 communicatio
3589 5219 3911 5283 bonorum

2414 5336 2451 5378 a
2480 5316 2605 5379 Dco
2638 5315 2963 5379 liberrima
2992 5323 3107 5391 est,
3143 5317 3281 5380 sine
3310 5317 3564 5400 praeviis
3606 5318 3853 5381 meritis
3890 5339 3905 5383 :
