4300 6259
103 697 224 741 Secti.

83 763 140 804 31.

1143 513 1498 561 musano
1541 515 1601 560 m
1645 515 1784 561 car.
1829 514 1982 562 xvm
2022 514 2213 562 Luca.
2258 533 2339 546 —-
2379 515 2523 562 Διιτ.
2571 515 2670 562 xm
3342 495 3455 559 131

235 681 494 748 211=.stici
528 701 542 744 ε
579 681 702 745 Gor
739 682 1018 746 hominis
1059 684 1356 747 immutat
1393 684 1623 748 faciem
1655 685 1852 760 illius,
1884 682 1937 744 A
1967 685 2257 749 sentibus
2286 694 2351 749 et
2379 684 2612 748 futuris
2650 685 2901 747 fruatur
2938 684 3085 766 quis
3123 683 3309 747 bonis
3342 702 3357 747 ε
3392 690 3463 745 ut

346 780 487 842 sive
530 781 600 843 in
641 781 810 844 bono
847 781 986 844 sive
1025 783 1092 845 in
1133 784 1348 864 malo),
1381 787 1561 846 dixit
1591 805 1614 844 .·
1646 786 1856 854 Quam
1965 783 2070 846 hic
2120 783 2385 866 impleat
2433 791 2744 859 ventrem,
2792 791 2855 846 et
2901 783 2994 846 ibi
3042 791 3343 856 mentem,
3394 788 3463 844 ut

344 881 620 955 difficile
667 882 788 960 qui
827 883 1144 958 pecunias
1192 884 1450 954 habent,
1501 882 1566 944 id
1619 888 1713 944 est
1765 881 1858 943 di·
1965 883 2042 944 de
2082 883 2331 945 deliciis
2369 883 2449 945 ad
2478 882 2738 946 delicias
2768 888 3063 958 transeat,
3100 889 3171 944 ut
3197 881 3265 943 in
3296 888 3463 942 terra

346 976 538 1039 vitias
582 995 596 1039 ε
647 996 792 1059 quae
831 996 946 1060 per
990 979 1295 1061 pecunias
1344 980 1450 1042 hic
1497 979 1851 1061 signantur,
1964 989 2027 1042 et
2066 979 2130 1042 in
2175 981 2337 1044 coelo
2373 989 2673 1063 appareat
2702 981 3039 1063 gloriosus.
3074 979 3232 1043 Hinc
3261 997 3463 1041 sacra-

343 1077 504 1158 quia
547 1077 936 1140 numismate
977 1079 1194 1141 omnia
1242 1087 1734 1160 comparantur3
1781 1080 1852 1137 in
1964 1077 2249 1140 tissimus
2286 1078 2551 1141 Jacobus
2600 1079 2922 1161 apostolus
2966 1077 3033 1140 in
3076 1096 3191 1140 sua
3232 1076 3462 1139 clamat

343 1195 630 1252 reynum
659 1177 782 1236 Dei
811 1177 1194 1238 intrabunt!
1221 1177 1344 1240 hoc
1371 1185 1490 1252 est,
1527 1177 1710 1241 valde
1741 1175 1856 1238 dif-
1964 1175 2279 1240 Canonica
2330 1195 2344 1240 :
2398 1177 2577 1258 Agite
2634 1195 2827 1250 nunc,
2880 1177 3132 1251 diviteS,
3194 1175 3457 1258 plorate,
3489 1190 3640 1235 Jacob.
3658 1193 3749 1240 m.

341 1271 526 1334 ficile
567 1279 667 1334 est
709 1272 830 1336 hoc
871 1280 935 1335 θῖ
978 1293 1217 1348 rarum,
1261 1275 1556 1355 quamvis
1602 1292 1728 1337 non
1773 1275 1852 1336 sit
1966 1274 2283 1337 ululantes
2333 1274 2400 1336 in
2450 1275 2724 1338 miseriis
2780 1293 2926 1357 quae
2971 1274 3313 1338 advenient
3340 1291 3467 1342 ,νο-

345 1369 754 1453 impossibile
789 1388 804 1433 ε
843 1371 998 1453 quia
1039 1371 1312 1434 difficile
1352 1380 1450 1435 est
1489 1372 1855 1454 temporali·
1964 1371 2086 1434 bis.
2111 1373 2255 1448 Sed,
2282 1381 2351 1435 ut
2379 1373 2467 1435 ait
2492 1373 2870 1448 Bernardus,
2896 1380 3201 1436 excusant
3230 1390 3298 1435 se
3326 1371 3468 1454 qui-

343 1469 469 1531 bus
505 1468 856 1544 abundare,
891 1477 956 1532 et
986 1471 1067 1533 ad
1100 1489 1173 1533 ea
1207 1471 1566 1535 inordinate
1603 1491 1729 1534 non
1763 1470 1854 1532 af·
1968 1472 2134 1546 dam,
2171 1471 2453 1534 dicentes
2488 1490 2501 1534 :
2536 1472 2852 1534 Abraham
2884 1480 2947 1534 et
2982 1471 3151 1534 Isaac
3188 1479 3252 1533 et
3275 1471 3463 1534 Jacob

343 1566 483 1642 fici,
521 1585 642 1629 nec
669 1566 765 1630 eis
801 1567 1134 1650 superflue
1165 1569 1280 1644 uti,
1316 1570 1724 1652 potissimum
1753 1569 1852 1631 his
1965 1575 2250 1632 terrenas
2282 1569 2535 1632 divitias
2577 1570 2959 1633 habuerunt.
2992 1569 3251 1632 Sufficit
3278 1567 3463 1632 nobis

345 1665 462 1746 qui
502 1684 632 1728 non
675 1673 828 1727 sunt
865 1666 933 1729 in
975 1667 1234 1730 caritate
1272 1666 1563 1750 perfecti.
1596 1667 1856 1749 Objecta
1966 1685 2106 1730 esse
2142 1669 2301 1731 tales
2352 1677 2424 1731 ut
2458 1669 2553 1732 illi
2593 1668 2877 1730 fuerunt.
2921 1668 3082 1741 Quid
3124 1668 3465 1751 responde-

347 1765 528 1827 enim
578 1765 949 1847 hujusmodi
999 1764 1189 1829 fortia
1235 1775 1496 1830 movent
1543 1767 1711 1830 vires
1761 1766 1858 1828 in·
1966 1765 2205 1842 bimus,
2269 1767 2500 1849 inquit,
2560 1766 2988 1831 imitatoribus
3050 1767 3459 1849 antiquorum

345 1870 554 1938 tense,
589 1871 652 1926 θῖ
680 1862 952 1926 difficile
991 1872 1090 1926 est
1122 1865 1350 1928 rationi
1383 1865 1756 1929 affectiones
1795 1875 1858 1928 et
1894 1860 1942 1923 B
1968 1865 2388 1930 Sanctorum?
2435 1867 2771 1948 Imponant
2818 1884 3013 1949 super
3057 1866 3252 1928 altare
3300 1865 3463 1928 vitu·
3506 1883 3737 1935 Pausi.

348 1962 756 2044 operationes
799 1981 1018 2026 earum
1065 1965 1130 2027 in
1173 1964 1474 2028 omnibus
1515 1964 1853 2028 moderari.
1968 1962 2062 2027 los
2112 1972 2177 2025 θῖ
2222 1965 2557 2028 immolent
2612 1965 2847 2028 hircos.
2899 1964 3027 2028 Hoc
3084 1965 3256 2026 enim
3313 1962 3467 2025 fecit

431 2063 734 2124 Facilius
775 2071 866 2124 est
910 2064 1131 2142 [enim]
1164 2067 1482 2124 camelum
1523 2083 1639 2141 per
1679 2064 1861 2141 fora-
1967 2062 2287 2125 Abraham
2326 2070 2387 2125 et
2442 2071 2675 2144 patres,
2718 2062 2956 2144 quibus
2999 2063 3293 2126 meliores
3338 2081 3463 2126 non

351 2180 502 2221 men
532 2180 688 2222 acus
717 2162 1022 2229 transire,
1053 2182 1256 2240 quam
1293 2163 1568 2222 divitem
1605 2164 1860 2223 intrare
1969 2181 2214 2224 sumus.
2259 2160 2380 2224 Sed
2427 2161 2649 2225 dicunt
2692 2180 2705 2225 :
2748 2161 2867 2224 Ubi
2911 2161 3187 2224 revelata
3228 2169 3326 2224 est
3363 2180 3469 2225 ve-

347 2259 426 2318 in
487 2277 766 2336 requam
813 2261 960 2320 Dei.
1011 2259 1142 2323 Hoc
1199 2259 1358 2334 loco,
1423 2277 1538 2341 per
1593 2260 1857 2323 divitem
1970 2260 2145 2334 ritas,
2188 2260 2309 2322 ista
2354 2261 2767 2322 transierunt.
2810 2259 2970 2333 Quid
3018 2276 3167 2340 ergo
3210 2259 3262 2320 si
3311 2266 3471 2322 tem-

348 2356 784 2420 communiter
815 2357 1186 2439 intelligunt
1214 2358 1606 2440 expositores
1635 2358 1862 2421 immo-
1970 2360 2220 2442 porales
2261 2358 2515 2422 divitias
2558 2358 2852 2421 umbram
2890 2358 3091 2421 fuisse
3119 2358 3467 2420 dixerimus

347 2456 646 2518 deratum
704 2454 1078 2518 divitiarum
1123 2441 1500 2532 amatorem,
1554 2456 1640 2518 ita
1686 2458 1858 2538 quod
1967 2455 2389 2520 futurorum?
2446 2465 2511 2519 et
2567 2457 2723 2538 quid
2783 2455 3042 2530 mirum,
3104 2455 3158 2518 si
3214 2461 3469 2518 terrena

347 2571 454 2616 eas
489 2555 640 2636 plus
673 2561 844 2616 amat
879 2573 1074 2636 quam
1106 2554 1328 2617 Deum.
1364 2555 1530 2618 Talis
1561 2555 1733 2617 enim
1764 2562 1860 2617 est
1970 2555 2319 2637 possident,
2370 2554 2608 2637 quibus
2663 2555 2795 2619 sola
2848 2561 3097 2617 terrena
3154 2554 3467 2636 promissa

344 2655 412 2717 in
466 2652 724 2716 mortali
770 2661 1051 2735 peccat0,
1097 2660 1162 2716 et
1203 2653 1324 2716 rite
1369 2672 1598 2716 avarus
1640 2671 1860 2716 cense—
1967 2655 2162 2714 sunt?

346 2762 496 2832 tur;
547 2769 668 2814 nec
717 2758 924 2834 potest
973 2751 1228 2826 salvari,
1270 2751 1324 2813 si
1373 2759 1588 2814 manet
1636 2751 1859 2832 hujus-
2045 2753 2132 2812 Et
2170 2752 2487 2810 dimerunc
2536 2749 2837 2832 discipuli
2886 2748 3118 2813 Christi
3166 2751 3245 2812 ad
3288 2767 3459 2826 eum,
3598 2765 3671 2822 26

345 2851 552 2926 modi,
601 2850 959 2912 secundum
1010 2848 1364 2913 ordinatam
1417 2849 1524 2911 Dei
1584 2849 1858 2931 potenti·
1965 2851 2084 2929 qui
2126 2848 2261 2912 haec
2308 2849 2669 2908 audierunt
2711 2867 2735 2907 .·
2778 2851 2862 2910 Et
2904 2850 3051 2926 quis
3084 2859 3287 2926 potest
3334 2852 3463 2910 sal-

345 2969 451 3013 am
494 2969 512 3014 ε
556 2967 762 3032 quum
801 2955 1016 3011 tamen
1064 2947 1228 3010 Deus
1278 2955 1492 3030 posset
1541 2948 1854 3011 camelum
1965 2967 2082 3008 vus
2127 2948 2328 3025 fieri?
2375 2945 2499 3009 hoc
2546 2952 2662 3019 est,
2712 2945 2766 3006 si
2816 2953 2943 3008 tam
3000 2955 3171 3010 arcta
3216 2955 3312 3009 est
3360 2947 3462 3010 via
3500 2969 3758 3022 uariam,

347 3068 464 3132 per
515 3047 803 3112 foramen
852 3065 1004 3109 acus
1050 3047 1483 3121 transducere,
1531 3045 1857 3109 transsub-
1894 3043 1937 3107 C
1965 3044 2209 3118 salutiS,
2241 3044 2388 3126 quis
2419 3043 2653 3126 poterit
2679 3043 3137 3106 beatitudinem
3167 3045 3458 3127 adipisci,
3493 3033 3559 3076 ¹⁴·

347 3146 716 3211 stantiando
777 3144 934 3227 quid
1001 3145 1323 3209 modicum
1388 3145 1454 3207 in
1514 3144 1853 3218 camelum,
1967 3143 2320 3225 praesertim
2361 3142 2412 3204 si
2454 3141 2628 3206 solus
2666 3141 3033 3204 divitiarum
3070 3142 3341 3206 affectus
3372 3143 3466 3206 fa-

345 3247 528 3330 quod
558 3246 653 3307 ire
684 3251 900 3326 posset
929 3260 1046 3324 per
1071 3261 1222 3306 acus
1258 3241 1569 3306 foramen.
1601 3241 1665 3304 Si
1707 3260 1858 3305 vero
1965 3240 2052 3303 cit
2097 3259 2237 3303 esse
2283 3240 2757 3304 damnabilem?
2808 3240 2885 3303 Et
2928 3240 3233 3304 Ieremias
3283 3249 3465 3304 testa-

347 3364 465 3428 per
529 3342 798 3406 divitem
855 3341 1268 3422 intelligatur,
1319 3341 1434 3423 qui
1493 3340 1859 3423 temporali-
1967 3345 2072 3400 tur
2105 3357 2119 3401 ε
2155 3340 2206 3400 Α
2246 3339 2492 3402 minore
2535 3357 2739 3421 usque
2777 3341 2856 3402 ad
2894 3339 3202 3421 maj0rem
3241 3357 3463 3404 omnes
3504 3353 3754 3406 dev-‚naa

347 3445 472 3506 bus
527 3440 718 3504 rebus
765 3439 1069 3514 abundat,
1113 3447 1177 3500 et
1211 3440 1288 3502 ad
1339 3457 1444 3502 eas
1495 3438 1860 3521 aliqualiter
1965 3437 2246 3500 avaritiae
2277 3439 2549 3500 student.
2567 3438 2753 3501 Porro
2782 3436 3223 3501 difficultatem
3257 3457 3465 3502 conse-

347 3541 714 3606 inordinate
769 3536 1078 3611 afficitur,
1140 3544 1352 3600 tamen
1418 3537 1576 3600 citra
1631 3536 1852 3612 Deum,
1966 3537 2205 3619 quendi
2247 3536 2514 3599 salutem
2555 3536 2799 3600 faciunt
2836 3537 3144 3618 quinque.
3179 3537 3463 3601 Primum

345 3648 508 3703 tunc
540 3645 888 3718 utrumque
927 3635 1196 3698 istorum
1237 3644 1333 3698 est
1361 3635 1486 3699 Deo
1526 3635 1854 3718 possibile.
1967 3643 2060 3698 θεῖ
2108 3635 2433 3718 corruptio
2482 3643 2723 3698 naturae
2760 3654 2872 3697 seu
2916 3635 3271 3700 vulneratio
3314 3637 3465 3700 viri-

347 3737 469 3800 Sed
503 3734 978 3817 quodammodo
1008 3733 1368 3796 mirabilius
1406 3733 1536 3814 agit
1567 3733 1729 3796 Deus
1768 3741 1860 3796 ta-
1968 3753 2077 3796 um
2109 3733 2271 3815 ejuS,
2306 3752 2451 3814 quae
2486 3732 2839 3796 difficulter
2875 3742 3153 3795 curatur.
3186 3733 3363 3797 Unde
3394 3736 3458 3798 in

345 3837 474 3899 lem
533 3833 800 3897 divitem
847 3850 886 3893 a
933 3831 1212 3914 peccatis
1271 3832 1648 3896 mortalibus
1698 3851 1859 3914 prae-
1966 3831 2307 3914 Sapientiae
2359 3830 2526 3894 libro
2577 3831 2881 3893 asseritur
2930 3849 2945 3893 τ
2996 3830 3239 3914 Corpus
3286 3835 3457 3915 quod
3489 3851 3750 3910 sopanus.

345 3934 684 4004 servando,
727 3930 1240 4011 aeternaliterque
1286 3930 1610 4006 salvando,
1661 3949 1857 4012 quam
1965 3930 2420 4012 corrumpitur,
2454 3936 2750 4011 aggravat
2784 3928 3105 4008 animam3
3146 3937 3209 3992 et
3246 3930 3313 3993 in
3344 3930 3459 3994 Ge-

345 4035 400 4096 si
451 4031 776 4097 camelum
827 4036 1128 4112 praetacto
1175 4030 1364 4092 modo
1414 4047 1528 4111 per
1569 4028 1856 4092 foramen
1967 4030 2126 4100 nesi,
2179 4027 2412 4090 Sensus
2461 4037 2523 4090 et
2572 4027 2866 4107 cogitatio
2924 4027 3133 4090 cordis
3191 4028 3455 4093 humani
3534 4050 3749 4102 omn...

343 4151 502 4194 acus
552 4129 1016 4192 transduceret.
1064 4125 1430 4189 Secundum
1479 4145 1674 4208 quem
1725 4145 1859 4190 mo·
1966 4125 2150 4209 proni
2184 4131 2333 4187 sunt
2372 4123 2437 4186 in
2479 4124 2715 4186 malum
2758 4124 2837 4186 ab
2864 4125 3291 4189 'adolescentia
3318 4146 3453 4191 sua.
3485 4114 3556 4157 ²¹·

346 4231 528 4304 dum,
579 4225 939 4308 Augustino
999 4232 1288 4296 testante,
1352 4225 1707 4288 mirabilior
1761 4234 1856 4288 est
1892 4233 1937 4293 D
1966 4224 2329 4287 Secundum
2378 4230 2475 4285 θεῖ
2520 4223 2833 4286 arctitudo
2883 4223 3022 4298 viae,
3069 4223 3251 4305 juxta
3299 4225 3459 4289 illud

342 4326 728 4411 justificatio
785 4324 992 4406 impii,
1055 4342 1250 4405 quam
1309 4323 1544 4387 creatio
1603 4323 1849 4397 mundi,
1968 4322 2235 4385 Matthaei
2282 4341 2297 4384 ;
2338 4321 2524 4383 Arcta
2562 4329 2659 4384 est
2697 4321 2801 4384 via
2838 4340 2981 4403 quae
3029 4322 3207 4385 ducit
3248 4325 3328 4386 ad
3368 4325 3459 4389 vi·
3504 4347 3753 4398 umam,

347 4447 496 4509 quae
525 4444 656 4488 non
689 4430 789 4487 est
825 4423 1042 4485 minus
1081 4421 1752 4504 incomprehensibilis
1793 4429 1854 4484 et
1967 4431 2118 4485 tam.
2170 4419 2447 4482 Difficile
2496 4420 2665 4482 enim
2726 4427 2821 4482 θεῖ
2870 4421 2937 4482 in
2984 4420 3285 4484 omnibus
3334 4442 3461 4486 me·
3490 4413 3556 4453 ¹⁸·

349 4525 666 4597 miranda,
711 4541 906 4603 quam
954 4529 1122 4584 esset
1167 4520 1428 4603 praefata
1473 4520 1700 4583 cameli
1742 4539 1854 4602 per
1969 4520 2147 4582 dium
2204 4517 2563 4593 observare,
2619 4525 2682 4580 et
2738 4537 2948 4600 neque
3001 4520 3083 4581 ad
3138 4521 3459 4585 dexteram

348 4642 538 4688 acum
584 4619 897 4685 transitio.
1969 4635 2181 4698 neque
2211 4618 2290 4678 ad
2323 4615 2647 4678 sinistram
2680 4617 3020 4678 declinare.
3056 4615 3338 4681 Tertium
3370 4628 3465 4683 est

431 4718 768 4782 Metuenda
823 4723 974 4780 sunt
1030 4717 1149 4778 ista
1198 4715 1529 4791 divitibus,
1581 4716 1856 4779 maxime
1970 4714 2391 4797 repugnantia
2421 4713 2849 4777 invisibilium
2888 4714 3169 4778 hostium
3200 4716 3469 4781 callidis-

353 4820 454 4883 his
484 4817 600 4899 qui
635 4817 715 4879 de
745 4814 1132 4898 patrimonio
1160 4814 1392 4878 Christi
1422 4815 1652 4878 divites
1683 4822 1853 4890 sunt,
1971 4814 2305 4888 simorum,
2336 4811 2600 4876 fortium
2642 4820 2707 4875 et
2745 4812 3237 4894 infatigabilium
3272 4833 3286 4878 ε
3324 4817 3468 4899 qui-

349 4924 464 4978 aut
509 4913 660 4978 fieri
704 4921 1024 4995 quaerunt,
1067 4913 1132 4976 in
1184 4912 1518 4976 beneficiis
1565 4913 1860 4976 ecclesia-
1967 4913 2090 4976 bus
2121 4911 2417 4974 resistere
2447 4918 2573 4972 tam
2604 4910 2937 4973 difficilius
2968 4917 3079 4988 est,
3104 4931 3299 4993 quam
3329 4934 3467 4996 pro-

353 5014 534 5076 sticis
590 5013 736 5095 plus
786 5021 1144 5093 quaerentes
1199 5012 1532 5095 proprium
1585 5031 1862 5077 commo—
1971 5011 2126 5095 priae
2157 5010 2331 5074 carni
2364 5017 2427 5072 et
2456 5010 2719 5084 mundo,
2755 5017 2825 5071 ut
2853 5010 2931 5072 ad
2960 5007 3269 5092 Ephesios
3298 5015 3466 5076 dicat

355 5113 510 5175 dum
558 5129 756 5193 quam
813 5109 1105 5173 divinum
1161 5110 1565 5192 obsequium.
1617 5109 1858 5182 Quibus
1967 5109 2307 5192 Apostolus
2350 5127 2364 5171 ι
2408 5105 2541 5170 Non
2590 5114 2686 5168 est
2729 5106 2912 5170 nobis
2956 5107 3316 5173 colluctatio
3356 5113 3465 5175 ad-
3518 5136 3751 5194 ephan,

357 5210 660 5273 omnibus
703 5209 1101 5291 pensandum
1141 5216 1238 5271 est
1277 5208 1434 5271 illud
1465 5208 1525 5270 S.
1560 5209 1863 5291 Hierony·
1969 5227 2193 5272 versus
2224 5227 2477 5270 carnem
2509 5213 2571 5268 et
2600 5207 2989 5286 sanguinem,
3018 5209 3131 5269 sed
3159 5210 3462 5274 adversus
3492 5203 3561 5246 ¹²·

359 5306 450 5369 mi
486 5325 500 5370 :
533 5305 838 5380 Difficile,
873 5305 1004 5369 imo
1042 5304 1439 5387 impossibile
1469 5313 1586 5379 est,
1613 5315 1681 5368 ut
1711 5325 1864 5388 prae-
1972 5306 2297 5390 principes
2346 5314 2409 5368 et
2447 5311 2808 5388 potestateS,
2850 5314 3069 5368 contra
3108 5308 3465 5389 spiritualia
