4300 6259
75 4333 300 4394 Qun.

1105 512 1458 561 :Naar-Ano
1501 511 1565 558 m
1605 511 1744 558 cAP.
1791 507 1923 556 1111
1965 509 2155 556 LUGAE.
2201 530 2281 542 -
2323 513 2464 559 Am.
2510 512 2697 559 xtvm

3324 497 3440 560 221

327 698 398 744 re
431 692 499 745 et
527 701 858 747 removere
892 683 1288 765 nequiverit3
1322 683 1452 744 imo
1481 699 1586 743 eas
1616 686 1840 762 sponte
1870 678 1923 741 A
1953 679 2175 742 salute.
2214 679 2290 742 Et
2338 681 2401 743 in
2453 682 2573 744 hoc
2622 689 2793 764 patet
2840 701 2953 744 sua
3004 680 3308 764 perfectio
3354 690 3446 745 at-

323 787 388 840 et
429 799 510 843 ex
554 782 794 864 praevio
843 781 1104 844 rationis
1150 780 1394 862 judicio
1442 786 1704 861 propter
1751 796 1839 839 ra-

325 877 672 941 tionabiles
717 899 936 942 causas
986 878 1354 960 assumpsit,
1400 878 1488 938 ita
1533 877 1688 938 dum
1740 893 1842 938 vo-

322 975 466 1048 luit,
507 979 768 1060 propria
799 978 1034 1040 virtute
1072 995 1178 1038 eas
1212 975 1368 1038 fecit
1400 992 1646 1037 cessare
1681 991 1694 1035 :
1731 974 1839 1035 sed

325 1074 538 1136 voluit
585 1076 776 1138 etiam
824 1075 904 1137 ab
951 1074 1177 1155 angelo
1227 1091 1481 1136 causam
1533 1070 1841 1135 conforta-

321 1171 526 1235 tionis
573 1173 816 1249 audire,
859 1182 922 1236 et
968 1173 1447 1236 occasionaliter
1486 1170 1839 1232 secundum

321 1270 708 1334 sensitivam
737 1291 915 1334 suam
961 1279 1206 1354 partem
1239 1268 1602 1342 confortari,
1633 1269 1711 1329 ad
1741 1285 1840 1330 os-

326 1371 724 1434 tendendum
791 1371 858 1433 in
918 1389 986 1432 se
1045 1370 1378 1433 veritatem
1444 1385 1559 1450 per
1623 1366 1838 1430 omnia

321 1476 574 1532 naturae
604 1471 940 1550 humanae3
973 1470 1150 1544 item,
1185 1470 1262 1531 ad
1295 1475 1574 1530 nostram
1606 1465 1836 1527 instru-

319 1567 630 1642 ctionem,
677 1575 745 1630 ut
785 1568 1062 1630 sciamus
1102 1568 1275 1649 quod
1315 1567 1540 1629 devote
1581 1572 1643 1626 et
1678 1562 1836 1625 affe—

317 1672 548 1728 ctuose
577 1666 908 1729 orantibus
937 1666 1148 1747 angeli
1181 1665 1382 1726 saneti
1413 1663 1740 1736 adsistant,
1774 1669 1837 1724 et

319 1781 520 1845 opem
554 1783 630 1827 ac
658 1765 1156 1828 consolationem
1201 1764 1614 1845 impendant3
1657 1761 1839 1823 item-

1949 795 2076 858 que
2133 778 2505 852 constantia‚
2558 780 2729 860 quod
2788 779 2851 841 in
2906 787 3075 842 tanta
3132 779 3444 842 anxietate

1951 875 2261 957 prolixius
2304 877 2607 940 exoravit.

2046 978 2131 1035 Ec
2178 976 2395 1051 factus
2438 985 2528 1036 esc
2575 979 2773 1036 sudor
2818 977 2984 1052 eju-9,
3033 979 3200 1038 sicut
3239 986 3443 1054 yuttoe

1947 1075 2295 1149 sanquinis
2337 1076 2742 1135 decurrentis
2800 1077 2869 1136 in
2928 1085 3189 1137 terram.
3242 1075 3439 1150 Sicut,

1951 1169 2071 1233 hoc
2119 1170 2258 1233 loco
2308 1172 2461 1233 dicit
2506 1172 2857 1247 veritatem,
2906 1191 3031 1236 non
3082 1173 3447 1236 similitudi-

1954 1286 2098 1330 nem
2164 1276 2433 1344 tantum,
2494 1270 2647 1351 quia
2706 1271 3013 1333 veraciter
3070 1271 3443 1352 sanguinem

1951 1366 2236 1429 Christus
2288 1369 2585 1430 sudavit:
2619 1369 2790 1450 quod
2840 1387 2915 1430 ex
2965 1369 3448 1431 vehementissi-

1950 1484 2052 1526 ma
2104 1466 2439 1541 anxietate,
2490 1467 2735 1548 agonia,
2787 1467 3143 1549 timoreque
3190 1467 3440 1530 accidit.

1949 1562 2177 1645 Atque,
2215 1571 2283 1625 ut
2320 1563 2518 1646 aliqui
2570 1563 2985 1646 probabiliter
3022 1573 3333 1639 asserunt,
3370 1566 3446 1627 de

1950 1680 2215 1742 corpore
2247 1662 2477 1725 Christi
2510 1663 2700 1724 simul
2732 1663 2945 1745 erupit
2974 1665 3185 1738 sudor,
3220 1672 3282 1725 et
3312 1683 3448 1726 san-

1947 1761 2090 1841 guis
2141 1761 2391 1842 tingens
2442 1763 2760 1825 sudorem.
2803 1762 3090 1845 Insuper,
3131 1770 3201 1824 ut
3244 1762 3446 1845 aliqui

321 1879 476 1942 que,
535 1869 605 1923 ut
652 1862 854 1943 aliqui
908 1863 1150 1936 dieunt,
1203 1862 1281 1923 ad
1341 1859 1836 1924 consolationem
1873 1859 1922 1922 B
1951 1858 2193 1933 dicunt,
2229 1860 2349 1921 hoc
2390 1859 2873 1940 supernaturale
2911 1858 3034 1921 fuit
3072 1867 3133 1921 et
3178 1860 3451 1923 miracu-

321 1966 383 2021 et
428 1960 966 2024 confortationem
1004 1959 1450 2042 Apostolorum
1491 1975 1692 2040 prope
1731 1958 1839 2020 ad-

323 2059 639 2120 stantium
693 2079 708 2122 :
761 2076 838 2121 ex
897 2077 1026 2140 quo
1084 2058 1269 2140 sequi
1330 2057 1604 2131 videtur,
1665 2057 1836 2137 quod

320 2154 616 2237 Apostoli
659 2156 958 2237 angelum
1010 2156 1205 2219 istum
1247 2154 1663 2238 corporaliter
1698 2172 1840 2216 con-

322 2263 702 2336 spexerunt,
739 2255 1094 2337 praesertim
1133 2262 1261 2316 tres
1300 2254 1394 2316 illi
1435 2252 1546 2334 qui
1590 2252 1838 2315 Christo

324 2353 610 2415 vicinius
652 2353 937 2415 aderant.

401 2454 492 2513 Ec
533 2453 750 2531 factus
789 2452 862 2511 in
908 2451 1173 2527 ayonia,
1205 2449 1269 2512 id
1300 2457 1396 2511 est
1445 2448 1510 2510 in
1561 2449 1836 2530 quodam

323 2549 622 2612 interiori
669 2549 1020 2611 certamine
1071 2565 1184 2610 seu
1233 2547 1674 2621 reluctatione,
1711 2565 1838 2627 qua

323 2645 638 2709 naturalis
698 2654 762 2709 et
817 2647 1162 2709 sensitivus
1225 2645 1550 2728 appetitus
1611 2644 1839 2707 animae

323 2744 563 2807 Christi
597 2751 869 2808 mortem
903 2742 1278 2816 abhorrenS,
1311 2750 1375 2804 et
1404 2742 1562 2805 ratio
1593 2759 1704 2803 seu
1738 2759 1840 2804 vo-

324 2841 542 2905 luntas
591 2843 732 2923 ejus
790 2842 1139 2905 deliberata
1184 2849 1453 2904 mortem
1503 2848 1837 2922 acceptans

323 2949 387 3003 et
438 2939 734 3022 cupienS,
780 2940 948 3002 inter
997 2958 1064 3002 se
1111 2939 1580 3020 quodammodo
1626 2939 1840 3000 decer-

1948 1956 2179 2031 losum,
2234 1958 2404 2038 quod
2454 1958 2531 2019 de
2588 1975 2853 2039 corpore
2901 1957 3131 2020 Christi
3192 1960 3448 2040 sanguis

1950 2073 2065 2136 pro
2096 2056 2327 2117 sudore
2365 2054 2643 2130 effluxit,
2678 2056 2861 2137 quasi
2900 2064 3117 2119 contra
3156 2065 3446 2120 naturam

1948 2153 2030 2214 sit
2066 2153 2441 2233 sanguinem
2482 2155 2734 2228 sudare,
2771 2161 2841 2216 ut
2878 2154 3123 2217 scilicet
3161 2155 3447 2218 Christus

1944 2251 2076 2332 J'am
2107 2251 2481 2332 sanguinem
2514 2271 2703 2314 suum
2743 2251 3075 2315 effundere
3108 2253 3441 2336 inciperet.

1947 2348 2071 2411 Alii
2127 2357 2339 2412 tamen
2392 2351 2634 2425 dicunt,
2688 2351 2861 2432 quod
2918 2352 3290 2432 sanguinem
3344 2373 3450 2414 su-

1947 2449 2096 2510 dare
2127 2449 2329 2530 possit
2367 2449 2739 2510 naturaliter
2767 2467 2925 2526 esse,
2960 2449 3255 2531 quamvis
3282 2451 3447 2514 forte

1945 2546 2141 2609 fuerit
2179 2547 2636 2610 miraculosum
2675 2547 2845 2628 quod
2886 2555 3081 2628 guttae
3119 2550 3446 2630 sanguinis

1947 2645 2349 2707 emanabant.
2370 2680 2449 2690 —
2468 2644 2725 2725 Legitur
2751 2651 2963 2706 autem
2997 2645 3281 2709 Christus
3311 2668 3449 2710 san-

1945 2741 2206 2822 guinem
2249 2741 2453 2803 sexies
2486 2760 2601 2823 pro
2643 2741 2826 2805 nobis
2866 2742 3194 2819 effudisse,
3230 2745 3449 2808 videli-

1948 2847 2046 2901 eet
2081 2857 2094 2901 :
2131 2839 2363 2921 primo,
2400 2839 2465 2900 in
2498 2840 3005 2916 circumcisione,
3039 2861 3241 2923 quum
3280 2850 3446 2904 esset

1945 2945 2086 3000 octo
2126 2938 2415 3018 dierum;
2448 2939 2747 3014 secundo,
2784 2938 2849 3000 in
2897 2939 3013 3001 hac
3052 2959 3165 3002 sua
3203 2940 3447 3005 ferven-

321 3039 568 3100 tabant.
607 3037 734 3101 Nec
785 3047 997 3100 tamen
1036 3037 1119 3101 ob
1163 3039 1282 3101 hoc
1320 3037 1446 3099 fuit
1484 3036 1550 3098 in
1590 3035 1836 3099 Christo
1874 3042 1917 3105 C
1947 3036 2193 3098 tissima
2241 3035 2523 3100 oratione
2558 3056 2574 3115 ;
2626 3037 2832 3110 tertio,
2886 3037 2951 3098 in
3002 3056 3115 3100 sua
3167 3037 3448 3120 flagella-

321 3137 718 3200 inordinatio
776 3145 887 3198 aut
939 3136 1339 3200 voluntatum
1401 3134 1832 3208 contrarietas,

321 3236 480 3317 quia
530 3235 828 3317 superior
869 3235 1161 3299 voluntas
1207 3233 1462 3308 Christi,
1498 3240 1624 3295 tam
1675 3233 1836 3295 divi-

323 3352 404 3395 na
453 3353 653 3416 quam
695 3334 996 3407 humana,
1033 3331 1236 3396 voluit
1285 3331 1656 3394 inferiorem
1703 3331 1838 3393 ani-

323 3451 448 3496 moe
499 3451 634 3496 suae
681 3431 1040 3514 appetitum
1092 3431 1302 3492 taliter
1351 3429 1527 3492 affici
1575 3448 1648 3491 ac
1704 3448 1837 3492 mo-

323 3531 484 3607 veri,
540 3539 806 3613 propter
855 3549 1076 3593 causas
1127 3537 1477 3611 praetacta5‚
1532 3529 1619 3589 ita
1664 3529 1837 3610 quod

321 3629 702 3692 affectiones
751 3628 948 3712 partis
997 3627 1319 3690 sensitiva)
1357 3627 1665 3709 rationem
1707 3646 1833 3689 non

323 3736 780 3810 praevenerunt
835 3744 954 3789 nec
1013 3725 1507 3808 impediverunt,
1565 3724 1836 3788 ratione-

321 3846 450 3908 que
511 3827 869 3908 imperante
927 3831 1278 3888 cesserunt.
1343 3823 1462 3886 Sed
1521 3823 1586 3885 in
1647 3823 1833 3888 nobis

320 3926 510 3988 aliter
547 3924 801 4000 accidit,
835 3923 901 3985 in
942 3923 1180 4005 quibus
1223 3923 1546 4004 passiones
1597 3941 1835 4004 praeve-

323 4025 518 4086 niunt
573 4032 766 4104 atque
824 4021 1186 4104 impediunt
1244 4021 1575 4094 rationem,
1628 4029 1692 4083 et
1745 4022 1833 4083 ei-

323 4123 472 4185 dem
519 4121 844 4194 resistunt‚
879 4119 1070 4181 etiam
1117 4137 1190 4180 ea
1228 4119 1428 4182 invita
1462 4137 1476 4182 :
1511 4121 1682 4181 unde
1721 4138 1833 4182 sae-

1945 3135 2156 3214 tione3
2190 3141 2436 3216 quarto,
2472 3135 2537 3195 in
2578 3153 2692 3196 sua
2741 3136 2963 3217 spinea
3000 3138 3440 3218 coronatione3

1944 3233 2195 3314 quint0,
2230 3233 2296 3294 in
2339 3231 2780 3309 crucifixione,
2815 3234 2881 3296 in
2922 3254 3050 3317 qua
3089 3235 3311 3317 utique
3350 3244 3446 3298 ter

1945 3331 2323 3412 sanguinem
2364 3330 2552 3406 fudit,
2588 3330 2832 3396 scilicet
2873 3333 2972 3394 bis
3022 3334 3087 3396 in
3136 3353 3443 3398 manuum

1945 3428 2395 3511 perforatione,
2440 3436 2503 3491 et
2551 3429 2746 3491 semel
2796 3431 2950 3493 dum
3002 3433 3192 3514 pedes
3242 3453 3445 3496 sacra-

1943 3526 2177 3588 tissimi
2229 3528 2467 3609 pariter
2514 3525 2961 3602 fodiebantur;
3005 3538 3202 3606 sexto,
3242 3532 3307 3593 in
3358 3533 3447 3594 la-

1945 3625 2097 3686 teris
2155 3625 2503 3707 apertione.
2560 3625 3026 3701 Verumtamen,
3080 3647 3221 3691 reor
3268 3633 3441 3711 quod

1945 3723 2136 3785 etiam
2187 3724 2251 3785 in
2294 3731 2476 3786 nocte
2516 3725 2808 3805 potestati
2848 3725 3251 3790 tenebrarum
3293 3747 3440 3791 con-

1945 3840 2140 3896 cessa,
2176 3823 2432 3904 quando
2483 3822 2799 3904 inquinati
2847 3842 3040 3905 genas
3088 3833 3150 3887 et
3188 3845 3257 3889 os
3298 3827 3439 3909 ejus

1944 3929 2418 4003 percusserunt,
2462 3922 2835 4001 sanguinem
2884 3922 3155 4006 fuderit3
3198 3933 3261 3987 et
3302 3945 3439 3988 rur-

1942 4040 2074 4094 suS,
2110 4021 2263 4081 dum
2306 4027 2509 4083 vestes
2547 4020 2687 4100 ejus
2732 4029 3065 4098 exuerunt,
3100 4043 3303 4106 quum
3342 4044 3437 4088 es-

1941 4126 2036 4181 set
2079 4117 2575 4199 crucifigendus

326 4238 405 4302 pe
447 4239 590 4281 eam
639 4219 718 4280 ad
768 4218 1020 4300 lapsum
1073 4218 1450 4299 perducunt,
1485 4217 1634 4278 dum
1686 4236 1830 4281 caro
1863 4221 1908 4283 D
2021 4216 2344 4291 Praeterea,
2377 4223 2506 4278 tam
2538 4217 2978 4282 vehementem
3018 4221 3343 4286 tristitiam
3372 4233 3435 4287 et

327 4317 730 4400 concupiscit
795 4317 1098 4378 adversus
1159 4315 1477 4397 spiritum,
1530 4323 1592 4377 et
1647 4333 1833 4379 econ-

323 4425 442 4480 tra.
492 4416 794 4480 Praeterea
840 4414 977 4478 haec
1017 4413 1243 4495 agonia
1290 4413 1560 4493 intelligi
1600 4421 1827 4496 potest,

327 4516 677 4580 vehemens
737 4513 847 4576 illa
901 4513 1124 4576 mortis
1174 4511 1569 4573 imminentis
1617 4513 1833 4574 anxie-

327 4623 446 4690 tas,
483 4632 678 4695 quam
714 4611 1000 4676 Christus
1041 4611 1164 4672 sibi
1206 4610 1442 4672 instare
1479 4611 1829 4673 clarissime

325 4711 846 4776 intellectualiter
887 4709 1046 4772 vidit
1079 4727 1092 4771 :
1128 4709 1257 4772 imo
1296 4716 1359 4770 et
1401 4709 1468 4770 in
1507 4709 1568 4772 vi
1611 4709 1832 4790 imagi-

325 4813 546 4874 nativa
572 4829 712 4872 eam
741 4808 867 4870 sibi
899 4809 1070 4870 intus
1101 4807 1516 4870 determinate
1545 4807 1831 4870 conside-

327 4911 594 4974 randam
635 4907 987 4990 proposuit.
1021 4905 1152 4980 Qua
1181 4905 1594 4984 considerata,
1627 4912 1830 4969 tener-

327 5010 496 5072 rima
537 5027 612 5070 ac
659 5005 1058 5069 nobilissima
1104 5005 1244 5085 ejus
1295 5012 1518 5066 natura
1564 5003 1832 5068 inferior

330 5109 496 5171 ultra
535 5105 1024 5170 aestimationem
1071 5103 1328 5186 expavit
1362 5122 1376 5165 ε
1412 5103 1554 5184 ideo
1598 5103 1832 5165 dicitur

329 5207 393 5270 in
425 5206 652 5288 agonia
692 5203 915 5279 fuisse,
949 5203 1115 5266 sicut
1153 5201 1396 5264 infirmi
1429 5201 1494 5263 in
1530 5201 1830 5264 extremis

331 5305 714 5370 laborantes.
767 5304 1112 5366 Prolioeius
1157 5304 1383 5362 orabat
1434 5318 1550 5382 pro
1605 5300 1828 5363 mundi

1941 4317 2235 4379 timorem
2287 4315 2570 4378 Christus
2625 4319 2990 4400 assumpsit,
3044 4339 3167 4384 non
3226 4323 3431 4386 solum

1940 4435 2016 4477 ex
2055 4414 2559 4478 consideratione
2597 4415 2910 4497 passionis
2948 4417 3069 4480 sibi
3116 4420 3429 4497 instantiS,

1941 4514 2049 4576 sed
2089 4512 2280 4574 etiam
2328 4530 2405 4575 ex
2444 4513 2945 4578 consideratione
2996 4517 3197 4582 ruinae
3234 4527 3295 4581 et
3336 4519 3433 4583 in-

1936 4610 2341 4692 gratitudinis
2408 4611 2985 4695 destructionisque
3045 4615 3426 4694 ludaeorum,

1939 4718 2201 4793 propter
2252 4728 2526 4791 quorum
2586 4710 2855 4774 salutem
2911 4714 3271 4795 specialiter
3325 4716 3428 4779 fu·
3471 4742 3720 4796 uastam

1938 4816 2072 4871 erat
2127 4808 2384 4883 missuS,
2437 4816 2501 4870 et
2555 4809 2709 4890 quia
2758 4811 3011 4874 videbat
3068 4814 3429 4894 passionem
3458 4807 3527 4849 ²⁴·

1939 4925 2118 4969 suam
2168 4914 2293 4967 tam
2354 4906 2572 4969 multis
2630 4927 2755 4973 non
2818 4910 3047 4972 debere
3106 4914 3426 4994 prodesse,

1938 5005 2067 5068 imo
2115 5004 2314 5084 magis
2363 5004 2607 5080 obesse,
2648 5015 2907 5089 propter
2955 5027 3174 5073 eorum
3225 5012 3433 5093 ingra-

1939 5103 2276 5164 titudinem
2327 5109 2389 5164 et
2435 5111 2726 5184 peccata3
2770 5106 3072 5188 itemque,
3116 5118 3186 5172 ut
3230 5110 3431 5192 aliqui

1939 5202 2182 5275 dicunt,
2232 5200 2385 5282 quia
2431 5203 2718 5264 omnium
2766 5204 3113 5268 electorum
3171 5227 3432 5272 suorum

1938 5299 2185 5361 futuras
2235 5297 2695 5376 tribulationes,
2728 5319 2888 5383 quas
2938 5323 3055 5386 pro
3096 5304 3237 5387 ipso
3288 5327 3433 5392 pas-
