4300 6259
679 1674 792 1709 11111

521 2641 737 2694 mecunt
747 2642 786 2686 Ξ.

531 4218 793 4323 ιξήἰὶίρμιι.

823 472 946 537 398

1611 488 1958 535 manuue
1999 486 2064 532 IN
2104 485 2245 533 cAr.
2290 483 2353 530 VI
2394 482 2669 532 mamus.
2714 504 2794 515 -
2834 488 2979 533 ΛΒΤ.
3025 488 3151 534 xvn

823 659 1034 741 potius
1091 668 1402 742 quantum
1455 661 1536 724 ad
1589 678 1870 733 sensum,
1922 677 2110 741 quam
2168 675 2326 738 quo-
2350 654 2405 717 A
2432 655 2523 719 Ad
2565 658 2963 740 propositum
3001 660 3197 740 igitur
3232 679 3245 723 ε
3276 660 3492 723 Omnis
3530 660 3643 742 qui
3681 660 3928 722 audivit

820 758 899 819 ad
938 757 1207 821 formam
1251 761 1614 824 verborum.
1659 758 1832 821 Unde
1874 758 2048 839 quod
2087 755 2325 819 dicitur

823 875 1016 930 nunc,
1073 852 1270 919 Eru‘nt
1328 876 1548 921 omnes
1607 856 1914 920 docibiles
1965 855 2095 927 Dei,
2149 854 2326 915 inve-

825 955 998 1017 nitur
1042 975 1167 1020 non
1210 956 1417 1019 solum
1467 957 1532 1018 in
1576 974 1702 1019 uno
1741 953 2072 1036 Propheta,
2105 954 2215 1014 sed
2257 953 2321 1013 in

825 1053 1066 1127 multiS‚
1100 1063 1412 1137 quantum
1457 1055 1538 1117 ad
1587 1072 1870 1127 sensum,
1913 1052 2207 1133 quamvis
2256 1051 2323 1111 in

826 1152 1004 1215 nullo
1040 1154 1400 1215 inveniatur
1428 1153 1638 1234 quoad
1675 1151 1946 1214 formam
1981 1148 2318 1212 sermonis.

647 1281 688 1310 ιι
757 1300 768 1310 .
825 1248 1146 1333 Scriptum
1195 1260 1292 1315 est
1338 1252 1508 1313 enim
1561 1251 1626 1312 in
1675 1250 1831 1312 Isaia
1875 1267 1889 1312 τ
1931 1248 2190 1331 Repleta
2227 1255 2323 1310 est

825 1356 993 1411 terra
1035 1350 1300 1413 scientia
1348 1349 1620 1429 Domini,
1665 1348 1847 1430 quasi
1896 1366 2078 1430 aquae
2128 1346 2321 1409 maris

825 1448 1224 1529 operientes3
1277 1456 1339 1511 et
1397 1467 1640 1525 rursus,
1691 1446 1922 1511 Ponam
1972 1464 2193 1509 omnes
2244 1443 2324 1505 fi-

825 1547 944 1611 lios
983 1556 1124 1611 tuos
1175 1549 1390 1611 doctos
1423 1566 1458 1608 a
1498 1546 1783 1610 Domino.
1816 1544 2118 1607 Jeremias
2165 1562 2323 1626 quo-

822 1665 948 1728 que
1003 1665 1016 1709 :
1069 1646 1298 1709 Omnes
1345 1664 1383 1707 a
1430 1646 1670 1725 majore
1716 1663 1941 1708 eorum
1989 1660 2193 1725 usque
2240 1642 2319 1703 ad

819 1746 1156 1821 minorem,
1203 1751 1584 1826 cognoscent
1629 1762 1752 1805 me.

2432 755 2782 838 didicitque
2830 777 2866 820 a
2914 757 3112 831 Patre,
3160 758 3279 821 hoc
3326 766 3444 831 est,
3491 758 3801 821 actualem
3850 758 3928 819 il-

2433 852 2871 918 lustrationem
2932 856 3295 919 immediate
3350 876 3387 919 a
3436 857 3559 919 Deo
3616 858 3919 939 percepit,

2433 953 2609 1014 venit
2657 972 2771 1035 per
2816 973 3198 1018 consensum
3246 956 3323 1017 ad
3374 954 3714 1030 Christum,
3766 974 3925 1037 quo-

2434 1050 2602 1113 niam
2634 1054 2843 1115 omnis
2882 1054 3024 1115 talis
3056 1055 3362 1117 veraciter
3389 1054 3755 1137 acquiescit.
3787 1053 3919 1117 Non

2432 1156 2643 1213 tamen
2685 1152 2893 1214 omnis
2938 1152 3077 1215 talis
3123 1153 3420 1228 salvatur,
3455 1155 3565 1215 sed
3607 1153 3719 1235 qui
3768 1172 3925 1236 prae-

2432 1250 2783 1311 destinatus
2826 1258 2941 1325 est,
2989 1249 3268 1313 finaliter
3312 1270 3743 1333 perseverans,

2512 1347 2631 1411 Sed
2685 1368 2765 1411 ne
2810 1368 2889 1412 ex
2940 1350 3151 1414 verbis
3210 1351 3485 1413 inductis
3532 1351 3765 1432 aliquis
3811 1370 3923 1414 aes-

2432 1448 2685 1509 timaret
2741 1448 2937 1510 Deum
2995 1448 3237 1511 Patrem
3290 1468 3427 1512 esse
3484 1450 3671 1512 oculo
3715 1450 3919 1512 carnis

2431 1545 2775 1620 visibilem,
2838 1547 2935 1609 vel
3000 1547 3321 1610 intellectu
3383 1548 3923 1630 comprehensibi-

2430 1642 2579 1717 lem,
2620 1644 2862 1706 addidit
2909 1643 3193 1707 Christus
3228 1664 3241 1707 ε
3280 1648 3423 1709 Νοη
3452 1630 3620 1725 ‘quia
3656 1650 3919 1708 Patrem

2430 1748 2737 1805 aeternum
2779 1744 2949 1803 vidit
2985 1746 3330 1824 quisquam
3364 1742 3695 1807 hominum
3738 1744 3918 1807 oculo

903 1846 1126 1906 Omnis
1155 1844 1344 1908 homo
1385 1844 1586 1907 viator
1613 1843 1731 1923 qui
1756 1843 2018 1904 audivit
2055 1840 2318 1903 auribus
2353 1836 2402 1899 B
2432 1841 2765 1924 corporali,
2802 1841 2899 1904 vel
2946 1842 3131 1904 etiam
3186 1841 3620 1917 intellectuali,
3664 1843 3923 1923 loquen-

819 1943 1027 2007 cordis
1068 1965 1107 2004 a
1146 1946 1348 2006 Patre
1383 1942 1556 2004 intus
1602 1942 1923 2023 loquente,
1967 1940 2033 2002 id
2079 1947 2197 2013 est,
2232 1940 2321 2001 di-

819 2042 1042 2104 vinum
1087 2042 1460 2103 instinctum
1502 2040 1796 2113 advertit,
1829 2050 1888 2101 et
1923 2039 2163 2099 didicit
2206 2056 2319 2121 per

819 2140 1302 2223 inspirationem
1342 2140 1680 2213 internam,
1716 2138 1780 2200 id
1819 2146 1935 2213 est,
1969 2155 2165 2219 quem
2208 2136 2321 2199 Pa-

822 2246 915 2301 ter
944 2239 1158 2301 docuit
1195 2240 1274 2301 de
1313 2238 1412 2300 his
1443 2256 1588 2320 quae
1629 2244 1916 2319 spectant
1945 2236 2023 2297 ad
2062 2235 2260 2297 fidem
2298 2253 2312 2297 :

645 2368 786 2406 xxxiv,
818 2337 1026 2419 qualis
1066 2335 1191 2399 ruit
1228 2336 1340 2419 qui
1380 2335 1488 2407 ait,
1523 2335 1790 2397 Audiam
1822 2335 1980 2416 quid
2019 2334 2318 2416 loquatur

819 2436 885 2498 in
936 2455 1038 2499 me
1085 2436 1386 2500 Dominus
1437 2435 1640 2514 Deus3
1693 2436 1868 2495 venit
1913 2437 2001 2494 ad
2049 2454 2150 2493 me
2204 2451 2317 2514 per

818 2533 1014 2597 sidem
1071 2543 1133 2596 et
1189 2534 1643 2617 operationem,
1699 2551 1813 2615 per
1870 2532 2195 2594 caritatem
2254 2538 2317 2593 et

817 2634 1262 2699 obedientiam.
1306 2633 1450 2696 Ideo
1491 2632 1646 2694 dicit
1684 2630 1991 2713 Propheta
2033 2648 2048 2693 :
2091 2630 2314 2692 Beatus

819 2732 1008 2797 homo
1054 2750 1246 2814 quem
1297 2740 1366 2794 tu
1415 2730 1747 2804 erudieriS,
1797 2730 2079 2803 Domine,
2124 2737 2188 2791 et
2237 2729 2315 2790 de

815 2832 952 2912 lege
995 2840 1101 2894 tua
1144 2830 1435 2895 docueris
1465 2848 1636 2892 eum.
1678 2829 1812 2892 Non
1857 2846 2006 2909 ergo
2043 2829 2123 2891 ad
2167 2846 2316 2891 con-

814 2931 1172 2994 versionem
1219 2930 1495 2993 hominis
1548 2927 1795 2991 suflicit
1843 2946 1964 2989 vox
2015 2926 2316 3009 praedica-

2432 1940 2511 2002 do
2551 1940 2629 2001 de
2668 1940 2913 2003 visione
2951 1940 3535 2022 comprehensionis
3576 1939 3869 2023 perfectae
3902 1960 3917 2003 :

2429 2038 2583 2119 quia
2622 2039 2715 2101 sic
2758 2038 2929 2102 solus
2978 2040 3143 2102 Deus
3192 2039 3675 2122 comprehendit
3719 2058 3787 2102 se
3828 2040 3927 2122 ip-

2430 2156 2595 2213 sum,
2627 2137 2977 2200 immensus
3010 2139 3420 2200 immensum.
3452 2137 3799 2219 Loquendo
3826 2157 3929 2200 au·

2430 2243 2556 2297 tem
2616 2237 2693 2299 de
2751 2236 2996 2299 visione
3056 2236 3161 2298 Dei
3225 2254 3339 2318 per
3394 2236 3673 2319 speciem
3731 2256 3923 2318 quam

2430 2334 2663 2397 habent
2702 2334 2912 2397 Sancti
2959 2336 3023 2397 in
3072 2335 3292 2417 patria,
3326 2334 3419 2397 sic
3462 2334 3677 2397 nullus
3723 2355 3923 2418 purus

2430 2434 2630 2497 viator
2680 2434 2837 2497 vidit
2894 2434 3097 2496 Deum
3148 2434 3393 2497 visione
3448 2433 3577 2495 fixa
3626 2453 3701 2496 ac
3748 2434 3925 2498 coeli-

2427 2531 2631 2603 sormi,
2655 2532 2944 2615 quamvis
2974 2532 3209 2615 Moyses
3240 2541 3303 2595 et
3333 2531 3555 2595 Paulus
3586 2533 3923 2595 credantur

2428 2630 2625 2693 Deum
2666 2633 2732 2693 in
2774 2632 2890 2693 hac
2920 2631 3051 2694 vita
3089 2631 3323 2694 vidisse
3366 2649 3477 2713 per
3513 2631 3815 2714 speciem,
3849 2632 3916 2694 in

2430 2738 2611 2812 raptu
2659 2731 2935 2813 quodam
2986 2749 3110 2794 non
3160 2730 3269 2792 diu
3328 2731 3615 2792 durante.
3665 2730 3752 2792 De
3798 2730 3919 2793 hoc

2425 2829 2664 2891 dictum
2700 2838 2797 2891 est
2836 2829 3089 2911 plenius
3133 2828 3343 2911 primo
3386 2828 3685 2911 capitulo,
3720 2847 3919 2911 super

2425 2928 2583 2990 illud
2609 2947 2622 2990 :
2651 2928 2847 2989 Deum
2877 2946 3064 2990 nemo
3096 2927 3253 2991 vidit
3285 2946 3587 3008 unquam.
3612 2927 3731 2989 Sed
3758 2946 3921 3008 quo·
3943 2954 4098 2997 Jam-
4120 2958 4215 3005 ¹³⁸-

813 3029 989 3104 toriS,
1036 3028 1158 3091 nisi
1209 3027 1402 3091 fuerit
1446 3028 1608 3089 Deus
1655 3026 1922 3088 interius
1968 3026 2313 3087 instruens
2350 3024 2393 3088 C
2426 3026 2594 3088 niam
2640 3025 2923 3088 Christus
2970 3027 3103 3088 haec
3153 3023 3481 3108 proferens
3530 3025 3720 3088 homo
3766 3023 3913 3100 fuit,

893 3128 1174 3210 Denique
1205 3127 1474 3190 Thomas
1515 3126 1581 3187 in
1615 3124 1874 3187 Summa
1904 3132 2122 3187 contra
2159 3142 2311 3205 gen-

811 3226 977 3299 tiles,
1014 3225 1331 3306 redarguit
1371 3224 1703 3305 Origenem
1754 3224 2092 3296 dicentem,
2137 3223 2309 3304 quod

814 3324 978 3387 Deus
1027 3324 1262 3387 dicitur
1311 3342 1500 3385 causa
1558 3323 1869 3386 bonorum
1923 3328 2307 3397 nostrorum,

814 3423 1023 3487 solum
1060 3423 1211 3505 quia
1239 3430 1339 3485 est
1367 3440 1556 3484 causa
1586 3419 1919 3483 habituum
1951 3420 2311 3484 infusorum

815 3540 930 3605 per
987 3540 1147 3603 quos
1213 3520 1534 3583 meritorie
1594 3538 1955 3601 operamur,
2017 3518 2313 3582 videlieet

811 3620 1028 3702 gratiae
1079 3620 1440 3694 habitualis,
1491 3618 1668 3692 fidei,
1712 3618 1848 3699 spei
1897 3624 1961 3679 et
2009 3617 2309 3679 caritatis,

813 3720 976 3783 Dicit
1032 3721 1246 3801 itaque
1293 3718 1586 3793 ThomaS,
1638 3718 1808 3799 quod
1870 3716 2062 3778 etiam
2111 3735 2315 3797 quan-

815 3820 1025 3900 doque
1062 3818 1226 3879 Deus
1275 3825 1368 3879 est
1419 3816 1704 3899 proxima
1753 3834 1941 3877 causa
1987 3814 2311 3878 actionum

819 3925 1176 3981 nostrarum
1226 3916 1621 3986 interiorum,
1665 3914 1820 3976 Isaia
1863 3921 2153 3989 testante,
2198 3916 2312 3997 qui

526 4023 788 4075 lanu-¹2·
819 4017 906 4078 ait
949 4034 962 4079 z
1009 4016 1289 4088 Domine,
1341 4014 1520 4077 dabis
1571 4030 1792 4095 pacem
1841 4010 2048 4086 nobiS,
2101 4012 2317 4075 omnia

820 4114 992 4178 enim
1033 4132 1224 4196 opera
1271 4120 1484 4176 nostra
1531 4117 1827 4194 operatus
1868 4127 1934 4173 es
1975 4110 2040 4172 in
2086 4111 2313 4191 nobis3

2426 3143 2505 3187 ne
2549 3125 2743 3187 Judaei
2806 3132 3100 3207 putarent
3155 3142 3301 3187 eum
3352 3143 3477 3187 non
3528 3123 3761 3187 vidisse
3811 3124 3920 3187 Pa-

2427 3232 2610 3298 trem,
2645 3223 2918 3304 subjecit
2950 3242 2963 3286 :
2998 3225 3132 3285 nisi
3169 3225 3225 3284 is
3262 3225 3381 3303 qui
3414 3233 3505 3284 est
3542 3244 3581 3283 a
3612 3225 3761 3293 Dee,
3796 3223 3917 3285 hoc

2427 3330 2522 3384 est
2562 3323 2755 3384 Filius
2796 3329 2979 3383 natus
3018 3342 3054 3384 a
3082 3322 3280 3395 Patre,
3316 3321 3415 3384 vel
3455 3321 3689 3383 missus
3726 3340 3763 3383 a
3794 3320 3919 3384 fflo

2428 3420 2753 3483 Trinitate.
2787 3420 2983 3482 Filius
3020 3421 3193 3482 enim
3238 3420 3302 3481 in
3341 3427 3653 3501 quantum
3703 3420 3916 3493 home,

2427 3520 2661 3583 missus
2698 3539 2773 3583 ac
2811 3519 3158 3599 originatus
3202 3526 3299 3580 est
3333 3537 3370 3580 a
3410 3536 3477 3579 se
3518 3518 3656 3599 ipso
3699 3536 3925 3579 secun-

2430 3620 2583 3681 dum
2619 3618 2791 3700 quod
2831 3617 3015 3679 Deus.
3046 3620 3171 3678 Hic
3212 3618 3380 3677 vidit
3416 3618 3681 3679 Patrem
3734 3615 3925 3678 visio-

2430 3736 2508 3780 ne
2541 3716 2835 3800 perfectae
2870 3714 3477 3797 comprehensioniS,
3513 3714 3577 3777 in
3608 3722 3921 3801 quantum

2428 3824 2524 3878 est
2569 3816 2755 3889 DeuS‚
2808 3823 2869 3876 et
2918 3814 3071 3875 item
3120 3813 3363 3876 visione
3410 3812 3721 3877 beatificae
3770 3812 3925 3875 frui-

2428 3915 2642 3989 tioniS‚
2693 3914 3045 3976 secundum
3092 3912 3265 3993 quod
3324 3911 3535 3984 homo,
3586 3912 3666 3974 ab
3720 3912 3923 3974 incar-

2431 4013 2701 4076 nationis
2760 4011 3040 4075 exordio.
3087 4010 3178 4072 Ex
3238 4010 3356 4073 hoc
3413 4010 3594 4091 sequi
3644 4009 3916 4085 videtur,

2428 4112 2599 4194 quod
2662 4110 2946 4174 Christus
3010 4128 3137 4173 non
3201 4107 3484 4190 loquitur
3539 4109 3618 4171 de
3676 4110 3921 4172 visione

821 4222 886 4275 et
919 4213 1071 4275 item
1101 4212 1437 4294 Apostolus
1473 4229 1488 4275 z
1521 4211 1686 4273 Deus
1727 4216 1824 4271 est
1862 4208 1974 4289 qui
2016 4218 2317 4291 operatur
2353 4213 2399 4273 D
2430 4209 2763 4292 corporali,
2796 4209 2950 4289 quia
2988 4208 3079 4270 sic
3118 4225 3233 4269 nee
3272 4207 3411 4288 ipse
3442 4205 3614 4268 videt
3652 4206 3916 4270 Patrem.

823 4312 890 4374 in
938 4312 1116 4375 vobis
1165 4318 1227 4373 et
1274 4310 1436 4375 velle
1488 4318 1551 4373 et
1600 4307 1933 4392 perficere,
1988 4326 2102 4389 pro
2150 4306 2319 4371 bona

823 4411 1166 4486 voluntate,
1216 4411 1338 4474 hoe
1385 4418 1480 4471 est
1521 4426 1599 4470 ex
1650 4426 1764 4469 sua
1813 4406 2047 4489 pietate
2097 4406 2319 4470 volun-

821 4510 980 4572 taria
1035 4510 1486 4590 voluntateque
1545 4506 1670 4589 pia,
1723 4524 1850 4570 non
1909 4505 2153 4568 meritis
2216 4526 2319 4570 ve-

823 4609 990 4671 stris.
1026 4608 1188 4670 Dicit
1222 4607 1486 4689 insuper
1524 4605 1816 4679 ThomaS‚
1851 4605 2024 4685 quod
2064 4623 2317 4688 semper

820 4706 1286 4788 acquiescimus
1321 4703 1552 4766 actuali
1592 4701 1992 4784 inspirationi
2033 4722 2177 4784 quae
2208 4723 2320 4768 no-

822 4804 921 4867 bis
977 4823 1014 4865 a
1071 4804 1194 4867 Deo
1259 4801 1640 4865 infunditur.
1701 4798 1778 4863 Et
1840 4798 2145 4863 fundatur
2199 4801 2317 4865 hoc

826 4902 1092 4966 verbum
1134 4900 1388 4964 Thomae
1431 4900 1496 4962 in
1541 4898 1911 4961 auctoritate
1951 4898 2313 4979 Augustini,

825 5000 1091 5063 dicentis
1125 5016 1138 5061 ε
1170 4997 1378 5061 Gratia
1406 5016 1551 5079 quae
1581 4996 1826 5059 occulte
1859 4997 2155 5059 humanis
2188 5016 2321 5061 cor·

824 5098 1012 5161 dibus
1063 5096 1280 5159 divina
1335 5096 1619 5175 largitate
1677 5094 2003 5170 tribuitur,
2055 5114 2090 5157 a
2139 5096 2319 5160 nullo

825 5197 1013 5260 corde
1059 5196 1219 5259 duro
1275 5194 1619 5277 respuitur,
1672 5194 1976 5274 quoniam
2025 5194 2170 5258 ideo
2215 5195 2321 5257 da-

825 5301 931 5356 tur
978 5303 1048 5356 ut
1096 5292 1331 5356 duritia
1381 5292 1590 5355 cordis
1649 5292 1903 5374 penitus
1967 5292 2314 5355 auferatur.

2430 4310 2639 4383 Porro,
2685 4325 2797 4390 per
2844 4307 2966 4369 hoc
3011 4307 3182 4388 quod
3231 4304 3339 4385 ait,
3380 4302 3513 4365 Nisi
3563 4304 3615 4367 is
3662 4306 3773 4386 qui
3824 4314 3923 4367 est

2428 4426 2464 4470 a
2508 4407 2702 4481 Patre,
2748 4424 2874 4469 non
2922 4403 3281 4467 excluditur
3330 4401 3604 4485 Spiritus
3651 4401 3918 4466 Sanctus

2428 4507 2586 4589 quin
2625 4513 2687 4568 et
2718 4505 2855 4586 ipse
2889 4503 3381 4584 comprehendat
3418 4501 3680 4575 Patrem,
3713 4521 3915 4583 quum

2428 4607 2593 4668 dicat
2640 4602 2998 4686 ApostoluS,
3051 4601 3221 4683 quod
3278 4599 3919 4682 Spiritusscrutatur
3948 4622 4209 4675 icoo-man.

2428 4703 2743 4787 profunda
2774 4701 2895 4771 Dei,
2930 4708 2992 4761 et
3021 4718 3165 4781 quae
3194 4698 3300 4761 Dei
3332 4708 3481 4761 sunt
3510 4717 3695 4763 nemo
3722 4701 3915 4777 novit,
3979 4720 4101 4768 ιιι-α,
4126 4728 4187 4769 ιι.

2431 4802 2553 4865 nisi
2595 4800 2867 4883 Spiritus
2910 4798 3073 4878 ejus.

2510 4902 2741 4969 Amen,
2782 4917 2966 4957 amere
3010 4897 3154 4955 dico
3193 4896 3387 4965 vebia,
3428 4896 3547 4973 qui
3588 4898 3795 4956 credit
3842 4897 3916 4958 in

2431 5019 2528 5059 me
2556 4996 2687 5059 side
2726 4994 2983 5058 caritate
3018 4999 3257 5067 ornata,
3292 4994 3474 5053 habet
3511 5011 3683 5054 nunc
3712 4996 3919 5056 vitam

2426 5106 2735 5159 aeternam
2776 5093 2840 5154 in
2882 5110 3017 5174 spe,
3062 5092 3125 5153 in
3176 5090 3425 5165 merito,
3460 5090 3523 5151 in
3572 5091 3805 5165 radice,
3850 5092 3917 5155 in

2429 5192 2843 5275 dispositione
2892 5190 3273 5272 propinqua.
3312 5187 3511 5251 Habet
3554 5190 3726 5250 enim
3774 5208 3925 5251 cau-

2430 5311 2565 5355 sam
2603 5288 2991 5353 meritoriam
3032 5306 3341 5371 spemque
3379 5288 3671 5351 idoneam
3710 5287 3925 5369 ing-re-

4055 1658 4133 1714 46

4058 4914 4131 4970 47
