<?xml version="1.0" encoding="UTF-8"?>
<!DOCTYPE html PUBLIC "-//W3C//DTD XHTML 1.0 Transitional//EN"
    "http://www.w3.org/TR/xhtml1/DTD/xhtml1-transitional.dtd">
<html xmlns="http://www.w3.org/1999/xhtml" xml:lang="en" lang="en">
 <head>
  <title>
</title>
<meta http-equiv="Content-Type" content="text/html;charset=utf-8" />
  <meta name='ocr-system' content='tesseract 3.04.00' />
  <meta name='ocr-capabilities' content='ocr_page ocr_carea ocr_par ocr_line ocrx_word'/>
</head>
<body>
  <div class='ocr_page' id='page_1' title='image "./doctorisecstati09unkngoog_0622.png"; bbox 0 0 4300 6259; ppageno 0'>
   <div class='ocr_carea' id='block_1_1' title="bbox 559 3147 822 3254">
    <p class='ocr_par' dir='ltr' id='par_1_1' title="bbox 559 3147 822 3254">
     <span class='ocr_line' id='line_1_1' title="bbox 583 3147 822 3199; baseline 0 -9"><span class='ocrx_word' id='word_1_1' title='bbox 583 3147 746 3192; x_wconf 78' lang='lat' dir='ltr'><strong>Joann.</strong></span> <span class='ocrx_word' id='word_1_2' title='bbox 765 3161 822 3199; x_wconf 78' lang='lat' dir='ltr'><strong>iv,</strong></span> 
     </span>
     <span class='ocr_line' id='line_1_2' title="bbox 559 3212 628 3254; baseline 0 0"><span class='ocrx_word' id='word_1_3' title='bbox 559 3212 628 3254; x_wconf 75' lang='lat'><strong>24.</strong></span> 
     </span>
    </p>
   </div>
   <div class='ocr_carea' id='block_1_2' title="bbox 559 3442 823 3561">
    <p class='ocr_par' dir='ltr' id='par_1_2' title="bbox 559 3442 823 3561">
     <span class='ocr_line' id='line_1_3' title="bbox 575 3442 823 3494; baseline -0.008 -8"><span class='ocrx_word' id='word_1_4' title='bbox 575 3442 746 3487; x_wconf 60' lang='lat' dir='ltr'><strong>Manli.</strong></span> <span class='ocrx_word' id='word_1_5' title='bbox 767 3456 823 3494; x_wconf 79' lang='lat' dir='ltr'><strong>vi,</strong></span> 
     </span>
     <span class='ocr_line' id='line_1_4' title="bbox 559 3510 755 3561; baseline -0.01 -11"><span class='ocrx_word' id='word_1_6' title='bbox 559 3510 584 3550; x_wconf 83' lang='grc'>5</span> <span class='ocrx_word' id='word_1_7' title='bbox 599 3511 644 3551; x_wconf 72' lang='lat' dir='ltr'><strong>et</strong></span> <span class='ocrx_word' id='word_1_8' title='bbox 660 3517 755 3561; x_wconf 68' lang='lat' dir='ltr'><strong>seq.</strong></span> 
     </span>
    </p>
   </div>
   <div class='ocr_carea' id='block_1_3' title="bbox 564 4928 827 5036">
    <p class='ocr_par' dir='ltr' id='par_1_3' title="bbox 564 4928 827 5036">
     <span class='ocr_line' id='line_1_5' title="bbox 571 4928 827 4979; baseline -0.008 -6"><span class='ocrx_word' id='word_1_9' title='bbox 571 4928 588 4973; x_wconf 91' lang='lat'>1</span> <span class='ocrx_word' id='word_1_10' title='bbox 603 4928 768 4974; x_wconf 78' lang='lat' dir='ltr'><strong>Joann.</strong></span> <span class='ocrx_word' id='word_1_11' title='bbox 785 4943 827 4979; x_wconf 80' lang='lat' dir='ltr'><strong>v,</strong></span> 
     </span>
     <span class='ocr_line' id='line_1_6' title="bbox 564 4993 633 5036; baseline 0.014 -1"><span class='ocrx_word' id='word_1_12' title='bbox 564 4993 633 5036; x_wconf 81' lang='lat'><strong>2⁰.</strong></span> 
     </span>
    </p>
   </div>
   <div class='ocr_carea' id='block_1_4' title="bbox 850 481 972 550">
    <p class='ocr_par' dir='ltr' id='par_1_4' title="bbox 850 481 972 550">
     <span class='ocr_line' id='line_1_7' title="bbox 850 481 972 550; baseline 0 0"><span class='ocrx_word' id='word_1_13' title='bbox 850 481 972 550; x_wconf 76' lang='lat'><strong>530</strong></span> 
     </span>
    </p>
   </div>
   <div class='ocr_carea' id='block_1_5' title="bbox 1591 497 3217 551">
    <p class='ocr_par' dir='ltr' id='par_1_5' title="bbox 1591 497 3217 551">
     <span class='ocr_line' id='line_1_8' title="bbox 1591 497 3217 551; baseline -0.002 -1"><span class='ocrx_word' id='word_1_14' title='bbox 1591 499 1941 551; x_wconf 69' lang='lat' dir='ltr'><strong>ENARRATm</strong></span> <span class='ocrx_word' id='word_1_15' title='bbox 1985 499 2048 550; x_wconf 75' lang='lat' dir='ltr'><strong>IN</strong></span> <span class='ocrx_word' id='word_1_16' title='bbox 2092 499 2231 550; x_wconf 76' lang='lat' dir='ltr'><strong>cAP.</strong></span> <span class='ocrx_word' id='word_1_17' title='bbox 2278 498 2383 550; x_wconf 79' lang='lat' dir='ltr'><strong>XIV</strong></span> <span class='ocrx_word' id='word_1_18' title='bbox 2423 497 2699 548; x_wconf 74' lang='lat' dir='ltr'><strong>JOANNIS.</strong></span> <span class='ocrx_word' id='word_1_19' title='bbox 2744 517 2825 532; x_wconf 83' lang='lat'><strong>--</strong></span> <span class='ocrx_word' id='word_1_20' title='bbox 2862 500 3005 548; x_wconf 69' lang='lat' dir='ltr'><strong>Aur.</strong></span> <span class='ocrx_word' id='word_1_21' title='bbox 3050 502 3217 548; x_wconf 79' lang='lat' dir='ltr'>XXXV</span> 
     </span>
    </p>
   </div>
   <div class='ocr_carea' id='block_1_6' title="bbox 851 670 3955 756">
    <p class='ocr_par' dir='ltr' id='par_1_6' title="bbox 851 670 3955 756">
     <span class='ocr_line' id='line_1_9' title="bbox 851 670 3955 756; baseline -0.002 -21"><span class='ocrx_word' id='word_1_22' title='bbox 851 674 1128 755; x_wconf 76' lang='lat' dir='ltr'><strong>cognitio</strong></span> <span class='ocrx_word' id='word_1_23' title='bbox 1173 673 1369 736; x_wconf 84' lang='lat' dir='ltr'><strong>fuerit</strong></span> <span class='ocrx_word' id='word_1_24' title='bbox 1415 674 1751 749; x_wconf 83' lang='lat' dir='ltr'><strong>instabiliS,</strong></span> <span class='ocrx_word' id='word_1_25' title='bbox 1799 673 2192 756; x_wconf 84' lang='lat' dir='ltr'><strong>imperfecta,</strong></span> <span class='ocrx_word' id='word_1_26' title='bbox 2238 671 2427 736; x_wconf 79' lang='lat' dir='ltr'><strong>ob-A</strong></span> <span class='ocrx_word' id='word_1_27' title='bbox 2455 673 2775 753; x_wconf 76' lang='lat' dir='ltr'>cognoscit</span> <span class='ocrx_word' id='word_1_28' title='bbox 2820 691 2922 734; x_wconf 89' lang='lat' dir='ltr'><strong>me</strong></span> <span class='ocrx_word' id='word_1_29' title='bbox 2968 673 3321 734; x_wconf 87' lang='lat' dir='ltr'><strong>secundum</strong></span> <span class='ocrx_word' id='word_1_30' title='bbox 3379 670 3800 745; x_wconf 82' lang='lat' dir='ltr'><strong>divinitatem,</strong></span> <span class='ocrx_word' id='word_1_31' title='bbox 3852 673 3955 731; x_wconf 84' lang='lat' dir='ltr'><strong>vi-</strong></span> 
     </span>
    </p>
   </div>
   <div class='ocr_carea' id='block_1_7' title="bbox 839 791 2347 1820">
    <p class='ocr_par' dir='ltr' id='par_1_7' title="bbox 851 791 1058 835">
     <span class='ocr_line' id='line_1_10' title="bbox 851 791 1058 835; baseline -0.005 -1"><span class='ocrx_word' id='word_1_32' title='bbox 851 791 1058 835; x_wconf 87' lang='lat' dir='ltr'><strong>scura.</strong></span> 
     </span>
    </p>

    <p class='ocr_par' dir='ltr' id='par_1_8' title="bbox 839 869 2347 1820">
     <span class='ocr_line' id='line_1_11' title="bbox 931 869 2343 950; baseline 0 -18"><span class='ocrx_word' id='word_1_33' title='bbox 931 873 1108 932; x_wconf 77' lang='lat' dir='ltr'><strong>Dicit</strong></span> <span class='ocrx_word' id='word_1_34' title='bbox 1147 873 1210 930; x_wconf 83' lang='lat' dir='ltr'><strong>ei</strong></span> <span class='ocrx_word' id='word_1_35' title='bbox 1249 872 1604 950; x_wconf 75' lang='lat' dir='ltr'><em>Philippus</em></span> <span class='ocrx_word' id='word_1_36' title='bbox 1651 870 1844 933; x_wconf 80' lang='lat' dir='ltr'><strong>frater</strong></span> <span class='ocrx_word' id='word_1_37' title='bbox 1892 869 2293 932; x_wconf 88' lang='lat' dir='ltr'><strong>Nathanaelis</strong></span> <span class='ocrx_word' id='word_1_38' title='bbox 2328 888 2343 932; x_wconf 73' lang='grc' dir='ltr'><em>τ</em></span> 
     </span>
     <span class='ocr_line' id='line_1_12' title="bbox 848 968 2347 1050; baseline 0 -21"><span class='ocrx_word' id='word_1_39' title='bbox 848 971 1149 1040; x_wconf 80' lang='lat' dir='ltr'><strong><em>Domine,</em></strong></span> <span class='ocrx_word' id='word_1_40' title='bbox 1177 973 1432 1030; x_wconf 80' lang='lat' dir='ltr'><em>ostende</em></span> <span class='ocrx_word' id='word_1_41' title='bbox 1469 971 1649 1032; x_wconf 80' lang='lat' dir='ltr'><strong>nobis</strong></span> <span class='ocrx_word' id='word_1_42' title='bbox 1687 972 1976 1040; x_wconf 81' lang='lat' dir='ltr'><strong>Patrem,</strong></span> <span class='ocrx_word' id='word_1_43' title='bbox 2015 986 2209 1050; x_wconf 89' lang='lat' dir='ltr'><strong>quem</strong></span> <span class='ocrx_word' id='word_1_44' title='bbox 2252 968 2347 1030; x_wconf 92' lang='lat' dir='ltr'><strong>di-</strong></span> 
     </span>
     <span class='ocr_line' id='line_1_13' title="bbox 845 1065 2345 1148; baseline -0.001 -19"><span class='ocrx_word' id='word_1_45' title='bbox 845 1067 938 1130; x_wconf 89' lang='lat' dir='ltr'><strong>cis</strong></span> <span class='ocrx_word' id='word_1_46' title='bbox 979 1067 1110 1148; x_wconf 85' lang='lat' dir='ltr'><strong>jam</strong></span> <span class='ocrx_word' id='word_1_47' title='bbox 1151 1068 1361 1130; x_wconf 87' lang='lat' dir='ltr'><strong>visum</strong></span> <span class='ocrx_word' id='word_1_48' title='bbox 1409 1086 1446 1128; x_wconf 87' lang='lat' dir='ltr'><strong>a</strong></span> <span class='ocrx_word' id='word_1_49' title='bbox 1485 1067 1694 1132; x_wconf 89' lang='lat' dir='ltr'><strong>nobis.</strong></span> <span class='ocrx_word' id='word_1_50' title='bbox 1733 1067 1916 1140; x_wconf 85' lang='lat' dir='ltr'><strong>Quasi</strong></span> <span class='ocrx_word' id='word_1_51' title='bbox 1967 1067 2134 1130; x_wconf 88' lang='lat' dir='ltr'><strong>dicat</strong></span> <span class='ocrx_word' id='word_1_52' title='bbox 2190 1085 2203 1128; x_wconf 91' lang='lat'><strong>:</strong></span> <span class='ocrx_word' id='word_1_53' title='bbox 2252 1065 2345 1128; x_wconf 89' lang='lat' dir='ltr'><strong>Tu</strong></span> 
     </span>
     <span class='ocr_line' id='line_1_14' title="bbox 843 1164 2345 1248; baseline -0.001 -20"><span class='ocrx_word' id='word_1_54' title='bbox 843 1166 1003 1228; x_wconf 93' lang='lat' dir='ltr'><strong>dicis</strong></span> <span class='ocrx_word' id='word_1_55' title='bbox 1051 1166 1223 1248; x_wconf 91' lang='lat' dir='ltr'><strong>quod</strong></span> <span class='ocrx_word' id='word_1_56' title='bbox 1274 1166 1552 1229; x_wconf 88' lang='lat' dir='ltr'><strong>vidimus</strong></span> <span class='ocrx_word' id='word_1_57' title='bbox 1609 1166 1878 1247; x_wconf 83' lang='lat' dir='ltr'><strong>Patrem,</strong></span> <span class='ocrx_word' id='word_1_58' title='bbox 1929 1167 2100 1248; x_wconf 90' lang='lat' dir='ltr'><strong>quod</strong></span> <span class='ocrx_word' id='word_1_59' title='bbox 2160 1164 2345 1227; x_wconf 88' lang='lat' dir='ltr'><strong>intel-</strong></span> 
     </span>
     <span class='ocr_line' id='line_1_15' title="bbox 843 1264 2346 1347; baseline 0 -21"><span class='ocrx_word' id='word_1_60' title='bbox 843 1264 952 1346; x_wconf 87' lang='lat' dir='ltr'>ligi</span> <span class='ocrx_word' id='word_1_61' title='bbox 1003 1285 1130 1329; x_wconf 91' lang='lat' dir='ltr'><strong>non</strong></span> <span class='ocrx_word' id='word_1_62' title='bbox 1187 1271 1392 1347; x_wconf 88' lang='lat' dir='ltr'><strong>potest</strong></span> <span class='ocrx_word' id='word_1_63' title='bbox 1440 1265 1562 1326; x_wconf 90' lang='lat' dir='ltr'><strong>nisi</strong></span> <span class='ocrx_word' id='word_1_64' title='bbox 1614 1266 1692 1326; x_wconf 91' lang='lat' dir='ltr'><strong>de</strong></span> <span class='ocrx_word' id='word_1_65' title='bbox 1741 1265 1987 1328; x_wconf 79' lang='lat' dir='ltr'><strong>visione</strong></span> <span class='ocrx_word' id='word_1_66' title='bbox 2043 1264 2346 1347; x_wconf 85' lang='lat' dir='ltr'><strong>imperfe-</strong></span> 
     </span>
     <span class='ocr_line' id='line_1_16' title="bbox 841 1363 2343 1444; baseline -0.001 -19"><span class='ocrx_word' id='word_1_67' title='bbox 841 1371 958 1426; x_wconf 84' lang='lat' dir='ltr'><strong>ctae</strong></span> <span class='ocrx_word' id='word_1_68' title='bbox 1001 1363 1242 1426; x_wconf 82' lang='lat' dir='ltr'><strong>notitiae</strong></span> <span class='ocrx_word' id='word_1_69' title='bbox 1285 1383 1298 1426; x_wconf 90' lang='lat'><strong>:</strong></span> <span class='ocrx_word' id='word_1_70' title='bbox 1343 1363 1506 1436; x_wconf 91' lang='lat' dir='ltr'><strong>ideo,</strong></span> <span class='ocrx_word' id='word_1_71' title='bbox 1557 1381 1802 1444; x_wconf 82' lang='lat' dir='ltr'><strong>precor,</strong></span> <span class='ocrx_word' id='word_1_72' title='bbox 1844 1363 2107 1426; x_wconf 90' lang='lat' dir='ltr'><strong>ostende</strong></span> <span class='ocrx_word' id='word_1_73' title='bbox 2158 1363 2343 1426; x_wconf 90' lang='lat' dir='ltr'><strong>nobis</strong></span> 
     </span>
     <span class='ocr_line' id='line_1_17' title="bbox 840 1461 2341 1543; baseline 0 -19"><span class='ocrx_word' id='word_1_74' title='bbox 840 1461 1107 1536; x_wconf 89' lang='lat' dir='ltr'><strong>Patrem,</strong></span> <span class='ocrx_word' id='word_1_75' title='bbox 1163 1461 1228 1524; x_wconf 92' lang='lat' dir='ltr'><strong>id</strong></span> <span class='ocrx_word' id='word_1_76' title='bbox 1281 1469 1398 1536; x_wconf 91' lang='lat' dir='ltr'><strong>est,</strong></span> <span class='ocrx_word' id='word_1_77' title='bbox 1461 1463 1538 1524; x_wconf 91' lang='lat' dir='ltr'><strong>ad</strong></span> <span class='ocrx_word' id='word_1_78' title='bbox 1600 1461 1946 1543; x_wconf 78' lang='lat' dir='ltr'><strong>perfectam</strong></span> <span class='ocrx_word' id='word_1_79' title='bbox 1997 1469 2058 1524; x_wconf 89' lang='lat' dir='ltr'><strong>et</strong></span> <span class='ocrx_word' id='word_1_80' title='bbox 2105 1462 2341 1524; x_wconf 86' lang='lat' dir='ltr'><strong>claram</strong></span> 
     </span>
     <span class='ocr_line' id='line_1_18' title="bbox 842 1558 2344 1642; baseline -0.001 -20"><span class='ocrx_word' id='word_1_81' title='bbox 842 1561 1080 1642; x_wconf 89' lang='lat' dir='ltr'><strong>perduc</strong></span> <span class='ocrx_word' id='word_1_82' title='bbox 1119 1579 1233 1623; x_wconf 92' lang='lat' dir='ltr'><strong>nos</strong></span> <span class='ocrx_word' id='word_1_83' title='bbox 1270 1558 1465 1621; x_wconf 88' lang='lat' dir='ltr'><strong>Patris</strong></span> <span class='ocrx_word' id='word_1_84' title='bbox 1507 1558 1819 1623; x_wconf 82' lang='lat' dir='ltr'><strong>notitiam.</strong></span> <span class='ocrx_word' id='word_1_85' title='bbox 1852 1563 1938 1622; x_wconf 79' lang='lat' dir='ltr'><strong>Et</strong></span> <span class='ocrx_word' id='word_1_86' title='bbox 1964 1561 2201 1636; x_wconf 79' lang='lat' dir='ltr'><strong>sufficit</strong></span> <span class='ocrx_word' id='word_1_87' title='bbox 2231 1581 2344 1622; x_wconf 80' lang='lat' dir='ltr'><strong>no-</strong></span> 
     </span>
     <span class='ocr_line' id='line_1_19' title="bbox 839 1657 2344 1740; baseline 0.001 -21"><span class='ocrx_word' id='word_1_88' title='bbox 839 1660 957 1727; x_wconf 73' lang='lat' dir='ltr'><strong>bis,</strong></span> <span class='ocrx_word' id='word_1_89' title='bbox 1001 1658 1067 1720; x_wconf 89' lang='lat' dir='ltr'><strong>id</strong></span> <span class='ocrx_word' id='word_1_90' title='bbox 1113 1666 1230 1732; x_wconf 90' lang='lat' dir='ltr'><strong>est,</strong></span> <span class='ocrx_word' id='word_1_91' title='bbox 1274 1657 1368 1719; x_wconf 92' lang='lat' dir='ltr'><strong>nil</strong></span> <span class='ocrx_word' id='word_1_92' title='bbox 1416 1657 1692 1740; x_wconf 88' lang='lat' dir='ltr'><strong>amplius</strong></span> <span class='ocrx_word' id='word_1_93' title='bbox 1741 1666 2138 1740; x_wconf 83' lang='lat' dir='ltr'><strong>appetemuS,</strong></span> <span class='ocrx_word' id='word_1_94' title='bbox 2186 1676 2344 1740; x_wconf 91' lang='lat' dir='ltr'><strong>quo-</strong></span> 
     </span>
     <span class='ocr_line' id='line_1_20' title="bbox 839 1755 2342 1820; baseline 0.001 -2"><span class='ocrx_word' id='word_1_95' title='bbox 839 1757 1010 1818; x_wconf 90' lang='lat' dir='ltr'><strong>niam</strong></span> <span class='ocrx_word' id='word_1_96' title='bbox 1063 1757 1223 1820; x_wconf 87' lang='lat' dir='ltr'><strong>visio</strong></span> <span class='ocrx_word' id='word_1_97' title='bbox 1282 1757 1400 1818; x_wconf 87' lang='lat' dir='ltr'><strong>ista</strong></span> <span class='ocrx_word' id='word_1_98' title='bbox 1448 1764 1544 1818; x_wconf 83' lang='lat' dir='ltr'><strong>est</strong></span> <span class='ocrx_word' id='word_1_99' title='bbox 1601 1755 1754 1818; x_wconf 78' lang='lat' dir='ltr'><strong>finis</strong></span> <span class='ocrx_word' id='word_1_100' title='bbox 1810 1765 2026 1820; x_wconf 88' lang='lat' dir='ltr'><strong>noster</strong></span> <span class='ocrx_word' id='word_1_101' title='bbox 2071 1775 2146 1819; x_wconf 87' lang='lat' dir='ltr'><strong>ac</strong></span> <span class='ocrx_word' id='word_1_102' title='bbox 2194 1774 2342 1820; x_wconf 86' lang='lat' dir='ltr'><strong>vera</strong></span> 
     </span>
    </p>
   </div>
   <div class='ocr_carea' id='block_1_8' title="bbox 2451 770 3958 1819">
    <p class='ocr_par' dir='ltr' id='par_1_9' title="bbox 2451 770 3958 1819">
     <span class='ocr_line' id='line_1_21' title="bbox 2453 770 3953 850; baseline 0 -20"><span class='ocrx_word' id='word_1_103' title='bbox 2453 773 2559 830; x_wconf 80' lang='lat' dir='ltr'><strong>det</strong></span> <span class='ocrx_word' id='word_1_104' title='bbox 2586 781 2646 830; x_wconf 80' lang='lat' dir='ltr'><strong>et</strong></span> <span class='ocrx_word' id='word_1_105' title='bbox 2676 774 2933 832; x_wconf 72' lang='lat' dir='ltr'><strong>Patrem</strong></span> <span class='ocrx_word' id='word_1_106' title='bbox 2968 771 3153 833; x_wconf 92' lang='lat' dir='ltr'><strong>oculo</strong></span> <span class='ocrx_word' id='word_1_107' title='bbox 3192 771 3447 848; x_wconf 77' lang='lat' dir='ltr'><strong>mentiS‚</strong></span> <span class='ocrx_word' id='word_1_108' title='bbox 3478 787 3553 832; x_wconf 90' lang='lat' dir='ltr'><strong>eo</strong></span> <span class='ocrx_word' id='word_1_109' title='bbox 3596 770 3782 832; x_wconf 88' lang='lat' dir='ltr'><strong>modo</strong></span> <span class='ocrx_word' id='word_1_110' title='bbox 3816 786 3953 850; x_wconf 90' lang='lat' dir='ltr'><strong>quo</strong></span> 
     </span>
     <span class='ocr_line' id='line_1_22' title="bbox 2456 868 3953 950; baseline -0.001 -21"><span class='ocrx_word' id='word_1_111' title='bbox 2456 868 2767 949; x_wconf 85' lang='lat' dir='ltr'><strong>conspicit</strong></span> <span class='ocrx_word' id='word_1_112' title='bbox 2823 887 2927 931; x_wconf 92' lang='lat' dir='ltr'><strong>me</strong></span> <span class='ocrx_word' id='word_1_113' title='bbox 2978 887 2992 930; x_wconf 76' lang='grc' dir='ltr'>ε</span> <span class='ocrx_word' id='word_1_114' title='bbox 3042 869 3153 950; x_wconf 90' lang='lat' dir='ltr'><strong>qui</strong></span> <span class='ocrx_word' id='word_1_115' title='bbox 3214 868 3387 930; x_wconf 90' lang='lat' dir='ltr'><strong>enim</strong></span> <span class='ocrx_word' id='word_1_116' title='bbox 3448 868 3617 930; x_wconf 81' lang='lat' dir='ltr'><strong>videt</strong></span> <span class='ocrx_word' id='word_1_117' title='bbox 3670 885 3775 929; x_wconf 89' lang='lat' dir='ltr'><strong>me</strong></span> <span class='ocrx_word' id='word_1_118' title='bbox 3834 885 3953 948; x_wconf 88' lang='lat' dir='ltr'><strong>per</strong></span> 
     </span>
     <span class='ocr_line' id='line_1_23' title="bbox 2454 964 3949 1050; baseline 0.001 -24"><span class='ocrx_word' id='word_1_119' title='bbox 2454 964 2673 1040; x_wconf 80' lang='lat' dir='ltr'><strong>fidem,</strong></span> <span class='ocrx_word' id='word_1_120' title='bbox 2717 967 2889 1030; x_wconf 87' lang='lat' dir='ltr'><strong>videt</strong></span> <span class='ocrx_word' id='word_1_121' title='bbox 2924 975 2988 1029; x_wconf 90' lang='lat' dir='ltr'><strong>et</strong></span> <span class='ocrx_word' id='word_1_122' title='bbox 3022 967 3266 1029; x_wconf 87' lang='lat' dir='ltr'><strong>Patrem</strong></span> <span class='ocrx_word' id='word_1_123' title='bbox 3312 984 3428 1050; x_wconf 91' lang='lat' dir='ltr'><strong>per</strong></span> <span class='ocrx_word' id='word_1_124' title='bbox 3467 966 3685 1038; x_wconf 84' lang='lat' dir='ltr'><strong>sidem,</strong></span> <span class='ocrx_word' id='word_1_125' title='bbox 3728 975 3795 1028; x_wconf 88' lang='lat' dir='ltr'><strong>et</strong></span> <span class='ocrx_word' id='word_1_126' title='bbox 3830 967 3949 1047; x_wconf 89' lang='lat' dir='ltr'><strong>qui</strong></span> 
     </span>
     <span class='ocr_line' id='line_1_24' title="bbox 2456 1065 3951 1148; baseline 0 -22"><span class='ocrx_word' id='word_1_127' title='bbox 2456 1065 2625 1128; x_wconf 88' lang='lat' dir='ltr'><strong>videt</strong></span> <span class='ocrx_word' id='word_1_128' title='bbox 2655 1084 2757 1127; x_wconf 92' lang='lat' dir='ltr'><strong>me</strong></span> <span class='ocrx_word' id='word_1_129' title='bbox 2788 1084 2901 1147; x_wconf 91' lang='lat' dir='ltr'><strong>per</strong></span> <span class='ocrx_word' id='word_1_130' title='bbox 2932 1067 3233 1148; x_wconf 89' lang='lat' dir='ltr'><strong>speciem,</strong></span> <span class='ocrx_word' id='word_1_131' title='bbox 3270 1065 3443 1129; x_wconf 90' lang='lat' dir='ltr'><strong>videt</strong></span> <span class='ocrx_word' id='word_1_132' title='bbox 3468 1075 3533 1127; x_wconf 91' lang='lat' dir='ltr'><strong>et</strong></span> <span class='ocrx_word' id='word_1_133' title='bbox 3557 1065 3801 1128; x_wconf 88' lang='lat' dir='ltr'><strong>Patrem</strong></span> <span class='ocrx_word' id='word_1_134' title='bbox 3834 1083 3951 1147; x_wconf 87' lang='lat' dir='ltr'><strong>per</strong></span> 
     </span>
     <span class='ocr_line' id='line_1_25' title="bbox 2454 1164 3955 1246; baseline -0.001 -20"><span class='ocrx_word' id='word_1_135' title='bbox 2454 1165 2755 1246; x_wconf 90' lang='lat' dir='ltr'><strong>speciem.</strong></span> <span class='ocrx_word' id='word_1_136' title='bbox 2784 1164 2912 1228; x_wconf 87' lang='lat' dir='ltr'><strong>Hoc</strong></span> <span class='ocrx_word' id='word_1_137' title='bbox 2940 1172 3034 1227; x_wconf 87' lang='lat' dir='ltr'><strong>est</strong></span> <span class='ocrx_word' id='word_1_138' title='bbox 3063 1165 3236 1246; x_wconf 91' lang='lat' dir='ltr'><strong>quod</strong></span> <span class='ocrx_word' id='word_1_139' title='bbox 3262 1165 3395 1246; x_wconf 87' lang='lat' dir='ltr'><strong>jam</strong></span> <span class='ocrx_word' id='word_1_140' title='bbox 3428 1164 3616 1246; x_wconf 88' lang='lat' dir='ltr'><strong>paulo</strong></span> <span class='ocrx_word' id='word_1_141' title='bbox 3643 1171 3791 1227; x_wconf 88' lang='lat' dir='ltr'><strong>ante</strong></span> <span class='ocrx_word' id='word_1_142' title='bbox 3820 1165 3955 1226; x_wconf 87' lang='lat' dir='ltr'><strong>dis—</strong></span> 
     </span>
     <span class='ocr_line' id='line_1_26' title="bbox 2456 1261 3949 1344; baseline -0.001 -20"><span class='ocrx_word' id='word_1_143' title='bbox 2456 1262 2653 1324; x_wconf 87' lang='lat' dir='ltr'><strong>seruit</strong></span> <span class='ocrx_word' id='word_1_144' title='bbox 2705 1282 2718 1324; x_wconf 89' lang='lat'>:</span> <span class='ocrx_word' id='word_1_145' title='bbox 2771 1261 2833 1324; x_wconf 90' lang='lat' dir='ltr'><strong>Si</strong></span> <span class='ocrx_word' id='word_1_146' title='bbox 2895 1263 3349 1344; x_wconf 82' lang='lat' dir='ltr'><strong>cognovissetis</strong></span> <span class='ocrx_word' id='word_1_147' title='bbox 3406 1280 3533 1336; x_wconf 89' lang='lat' dir='ltr'><strong>me,</strong></span> <span class='ocrx_word' id='word_1_148' title='bbox 3582 1271 3647 1324; x_wconf 82' lang='lat' dir='ltr'><strong>et</strong></span> <span class='ocrx_word' id='word_1_149' title='bbox 3702 1261 3949 1323; x_wconf 83' lang='lat' dir='ltr'><strong>Patrem</strong></span> 
     </span>
     <span class='ocr_line' id='line_1_27' title="bbox 2454 1361 3958 1443; baseline -0.001 -21"><span class='ocrx_word' id='word_1_150' title='bbox 2454 1379 2669 1423; x_wconf 90' lang='lat' dir='ltr'><strong>meum</strong></span> <span class='ocrx_word' id='word_1_151' title='bbox 2713 1361 2933 1443; x_wconf 90' lang='lat' dir='ltr'><strong>utique</strong></span> <span class='ocrx_word' id='word_1_152' title='bbox 2976 1361 3453 1443; x_wconf 80' lang='lat' dir='ltr'><strong>cognovissetis,</strong></span> <span class='ocrx_word' id='word_1_153' title='bbox 3498 1361 3793 1424; x_wconf 61' lang='lat' dir='ltr'><strong>Rationes</strong></span> <span class='ocrx_word' id='word_1_154' title='bbox 3840 1381 3958 1422; x_wconf 89' lang='lat' dir='ltr'><strong>au-</strong></span> 
     </span>
     <span class='ocr_line' id='line_1_28' title="bbox 2453 1460 3951 1542; baseline 0.001 -23"><span class='ocrx_word' id='word_1_155' title='bbox 2453 1467 2579 1521; x_wconf 87' lang='lat' dir='ltr'><strong>tem</strong></span> <span class='ocrx_word' id='word_1_156' title='bbox 2629 1460 2823 1540; x_wconf 89' lang='lat' dir='ltr'><strong>hujus</strong></span> <span class='ocrx_word' id='word_1_157' title='bbox 2869 1460 3001 1540; x_wconf 88' lang='lat' dir='ltr'><strong>jam</strong></span> <span class='ocrx_word' id='word_1_158' title='bbox 3048 1460 3379 1542; x_wconf 60' lang='lat' dir='ltr'><strong>assignata}</strong></span> <span class='ocrx_word' id='word_1_159' title='bbox 3430 1467 3579 1522; x_wconf 87' lang='lat' dir='ltr'><strong>sunt</strong></span> <span class='ocrx_word' id='word_1_160' title='bbox 3622 1469 3951 1542; x_wconf 86' lang='lat' dir='ltr'><strong>quatuor:</strong></span> 
     </span>
     <span class='ocr_line' id='line_1_29' title="bbox 2451 1559 3951 1641; baseline 0 -21"><span class='ocrx_word' id='word_1_161' title='bbox 2451 1577 2723 1639; x_wconf 87' lang='lat' dir='ltr'><strong>quarum</strong></span> <span class='ocrx_word' id='word_1_162' title='bbox 2787 1578 2972 1620; x_wconf 90' lang='lat' dir='ltr'><strong>unam</strong></span> <span class='ocrx_word' id='word_1_163' title='bbox 3031 1560 3231 1622; x_wconf 89' lang='lat' dir='ltr'><strong>solam</strong></span> <span class='ocrx_word' id='word_1_164' title='bbox 3288 1559 3485 1641; x_wconf 85' lang='lat' dir='ltr'><strong>tangit</strong></span> <span class='ocrx_word' id='word_1_165' title='bbox 3534 1559 3951 1640; x_wconf 81' lang='lat' dir='ltr'><strong>AugustinuS,</strong></span> 
     </span>
     <span class='ocr_line' id='line_1_30' title="bbox 2452 1657 3955 1740; baseline 0.001 -22"><span class='ocrx_word' id='word_1_166' title='bbox 2452 1657 2715 1730; x_wconf 91' lang='lat' dir='ltr'><strong>scilicet,</strong></span> <span class='ocrx_word' id='word_1_167' title='bbox 2772 1659 2943 1739; x_wconf 89' lang='lat' dir='ltr'><strong>quod</strong></span> <span class='ocrx_word' id='word_1_168' title='bbox 3008 1657 3177 1719; x_wconf 90' lang='lat' dir='ltr'><strong>istud</strong></span> <span class='ocrx_word' id='word_1_169' title='bbox 3240 1658 3479 1721; x_wconf 89' lang='lat' dir='ltr'><strong>dictum</strong></span> <span class='ocrx_word' id='word_1_170' title='bbox 3545 1658 3630 1720; x_wconf 81' lang='lat' dir='ltr'><strong>sit</strong></span> <span class='ocrx_word' id='word_1_171' title='bbox 3691 1667 3955 1740; x_wconf 79' lang='lat' dir='ltr'><strong>propter</strong></span> 
     </span>
     <span class='ocr_line' id='line_1_31' title="bbox 2452 1755 3955 1819; baseline -0.001 0"><span class='ocrx_word' id='word_1_172' title='bbox 2452 1755 2881 1819; x_wconf 84' lang='lat' dir='ltr'><strong>omnimodam</strong></span> <span class='ocrx_word' id='word_1_173' title='bbox 2926 1756 3411 1819; x_wconf 89' lang='lat' dir='ltr'><strong>similitudinem</strong></span> <span class='ocrx_word' id='word_1_174' title='bbox 3459 1755 3598 1819; x_wconf 82' lang='lat' dir='ltr'><strong>Filii</strong></span> <span class='ocrx_word' id='word_1_175' title='bbox 3648 1774 3791 1818; x_wconf 88' lang='lat' dir='ltr'><strong>cum</strong></span> <span class='ocrx_word' id='word_1_176' title='bbox 3838 1755 3955 1817; x_wconf 88' lang='lat' dir='ltr'><strong>Pa-</strong></span> 
     </span>
    </p>
   </div>
   <div class='ocr_carea' id='block_1_9' title="bbox 837 1848 3953 1936">
    <p class='ocr_par' dir='ltr' id='par_1_10' title="bbox 837 1848 3953 1936">
     <span class='ocr_line' id='line_1_32' title="bbox 837 1848 3953 1936; baseline -0.001 -20"><span class='ocrx_word' id='word_1_177' title='bbox 837 1853 1130 1928; x_wconf 80' lang='lat' dir='ltr'><strong>selicitaS,</strong></span> <span class='ocrx_word' id='word_1_178' title='bbox 1183 1872 1300 1916; x_wconf 90' lang='lat' dir='ltr'><strong>nec</strong></span> <span class='ocrx_word' id='word_1_179' title='bbox 1349 1854 1528 1916; x_wconf 88' lang='lat' dir='ltr'><strong>Pater</strong></span> <span class='ocrx_word' id='word_1_180' title='bbox 1576 1873 1861 1917; x_wconf 90' lang='lat' dir='ltr'><strong>seorsum</strong></span> <span class='ocrx_word' id='word_1_181' title='bbox 1910 1855 2335 1936; x_wconf 80' lang='lat' dir='ltr'><strong>cognoscitur,</strong></span> <span class='ocrx_word' id='word_1_182' title='bbox 2380 1848 2422 1910; x_wconf 86' lang='lat' dir='ltr'>B</span> <span class='ocrx_word' id='word_1_183' title='bbox 2452 1862 2546 1916; x_wconf 88' lang='lat' dir='ltr'><strong>tre</strong></span> <span class='ocrx_word' id='word_1_184' title='bbox 2580 1873 2594 1916; x_wconf 75' lang='grc' dir='ltr'>ε</span> <span class='ocrx_word' id='word_1_185' title='bbox 2630 1853 2797 1916; x_wconf 88' lang='lat' dir='ltr'><strong>sicut</strong></span> <span class='ocrx_word' id='word_1_186' title='bbox 2838 1855 2917 1916; x_wconf 89' lang='lat' dir='ltr'><strong>de</strong></span> <span class='ocrx_word' id='word_1_187' title='bbox 2962 1854 3210 1917; x_wconf 90' lang='lat' dir='ltr'><strong>duobus</strong></span> <span class='ocrx_word' id='word_1_188' title='bbox 3256 1855 3437 1917; x_wconf 86' lang='lat' dir='ltr'><strong>valde</strong></span> <span class='ocrx_word' id='word_1_189' title='bbox 3486 1854 3809 1917; x_wconf 89' lang='lat' dir='ltr'><strong>similibus</strong></span> <span class='ocrx_word' id='word_1_190' title='bbox 3855 1854 3953 1917; x_wconf 88' lang='lat' dir='ltr'><strong>di-</strong></span> 
     </span>
    </p>
   </div>
   <div class='ocr_carea' id='block_1_10' title="bbox 835 1953 2343 3019">
    <p class='ocr_par' dir='ltr' id='par_1_11' title="bbox 835 1953 2343 3019">
     <span class='ocr_line' id='line_1_33' title="bbox 838 1953 2340 2034; baseline 0 -20"><span class='ocrx_word' id='word_1_191' title='bbox 838 1953 949 2015; x_wconf 91' lang='lat' dir='ltr'><strong>sed</strong></span> <span class='ocrx_word' id='word_1_192' title='bbox 999 1972 1126 2015; x_wconf 91' lang='lat' dir='ltr'><strong>una</strong></span> <span class='ocrx_word' id='word_1_193' title='bbox 1165 1953 1382 2016; x_wconf 87' lang='lat' dir='ltr'><strong>divina</strong></span> <span class='ocrx_word' id='word_1_194' title='bbox 1427 1953 1693 2016; x_wconf 88' lang='lat' dir='ltr'><strong>Persona</strong></span> <span class='ocrx_word' id='word_1_195' title='bbox 1737 1961 1902 2026; x_wconf 91' lang='lat' dir='ltr'><strong>nota,</strong></span> <span class='ocrx_word' id='word_1_196' title='bbox 1947 1961 2078 2016; x_wconf 83' lang='lat' dir='ltr'><strong>tota</strong></span> <span class='ocrx_word' id='word_1_197' title='bbox 2117 1971 2340 2034; x_wconf 91' lang='lat' dir='ltr'><strong>super-</strong></span> 
     </span>
     <span class='ocr_line' id='line_1_34' title="bbox 835 2050 2341 2132; baseline 0.001 -20"><span class='ocrx_word' id='word_1_198' title='bbox 835 2051 1173 2113; x_wconf 82' lang='lat' dir='ltr'><strong>benedicta</strong></span> <span class='ocrx_word' id='word_1_199' title='bbox 1207 2051 1571 2132; x_wconf 86' lang='lat' dir='ltr'><strong>agnoscitur</strong></span> <span class='ocrx_word' id='word_1_200' title='bbox 1609 2051 1902 2113; x_wconf 83' lang='lat' dir='ltr'><strong>TrinitaS.</strong></span> <span class='ocrx_word' id='word_1_201' title='bbox 1936 2050 2201 2123; x_wconf 86' lang='lat' dir='ltr'><strong>Quidam</strong></span> <span class='ocrx_word' id='word_1_202' title='bbox 2240 2071 2341 2113; x_wconf 89' lang='lat' dir='ltr'><strong>as-</strong></span> 
     </span>
     <span class='ocr_line' id='line_1_35' title="bbox 839 2148 2337 2232; baseline 0.001 -22"><span class='ocrx_word' id='word_1_203' title='bbox 839 2156 1080 2223; x_wconf 90' lang='lat' dir='ltr'><strong>serunt,</strong></span> <span class='ocrx_word' id='word_1_204' title='bbox 1143 2150 1312 2231; x_wconf 92' lang='lat' dir='ltr'><strong>quod</strong></span> <span class='ocrx_word' id='word_1_205' title='bbox 1373 2148 1709 2231; x_wconf 90' lang='lat' dir='ltr'><strong>Philippus</strong></span> <span class='ocrx_word' id='word_1_206' title='bbox 1774 2148 2036 2232; x_wconf 87' lang='lat' dir='ltr'><strong>putabat</strong></span> <span class='ocrx_word' id='word_1_207' title='bbox 2093 2149 2337 2212; x_wconf 87' lang='lat' dir='ltr'><strong>Patrem</strong></span> 
     </span>
     <span class='ocr_line' id='line_1_36' title="bbox 841 2247 2340 2332; baseline 0.001 -22"><span class='ocrx_word' id='word_1_208' title='bbox 841 2265 1025 2330; x_wconf 90' lang='lat' dir='ltr'><strong>posse</strong></span> <span class='ocrx_word' id='word_1_209' title='bbox 1063 2247 1498 2331; x_wconf 90' lang='lat' dir='ltr'><strong>corporalibus</strong></span> <span class='ocrx_word' id='word_1_210' title='bbox 1537 2248 1740 2311; x_wconf 88' lang='lat' dir='ltr'><strong>oculis</strong></span> <span class='ocrx_word' id='word_1_211' title='bbox 1780 2249 2085 2332; x_wconf 89' lang='lat' dir='ltr'><strong>conspici,</strong></span> <span class='ocrx_word' id='word_1_212' title='bbox 2120 2268 2340 2332; x_wconf 90' lang='lat' dir='ltr'><strong>quem-</strong></span> 
     </span>
     <span class='ocr_line' id='line_1_37' title="bbox 838 2346 2334 2411; baseline 0.001 -3"><span class='ocrx_word' id='word_1_213' title='bbox 838 2347 1179 2410; x_wconf 90' lang='lat' dir='ltr'><strong>admodum</strong></span> <span class='ocrx_word' id='word_1_214' title='bbox 1220 2346 1508 2409; x_wconf 88' lang='lat' dir='ltr'><strong>Christus</strong></span> <span class='ocrx_word' id='word_1_215' title='bbox 1547 2347 1939 2410; x_wconf 86' lang='lat' dir='ltr'><strong>sensibiliter</strong></span> <span class='ocrx_word' id='word_1_216' title='bbox 1977 2348 2334 2411; x_wconf 85' lang='lat' dir='ltr'><strong>videbatur.</strong></span> 
     </span>
     <span class='ocr_line' id='line_1_38' title="bbox 839 2443 2340 2526; baseline 0.001 -20"><span class='ocrx_word' id='word_1_217' title='bbox 839 2443 961 2506; x_wconf 89' lang='lat' dir='ltr'><strong>Sed</strong></span> <span class='ocrx_word' id='word_1_218' title='bbox 1012 2463 1134 2508; x_wconf 93' lang='lat' dir='ltr'><strong>non</strong></span> <span class='ocrx_word' id='word_1_219' title='bbox 1189 2453 1342 2526; x_wconf 90' lang='lat' dir='ltr'><strong>puto</strong></span> <span class='ocrx_word' id='word_1_220' title='bbox 1385 2445 1504 2508; x_wconf 90' lang='lat' dir='ltr'><strong>hoc</strong></span> <span class='ocrx_word' id='word_1_221' title='bbox 1543 2463 1788 2509; x_wconf 91' lang='lat' dir='ltr'><strong>verum.</strong></span> <span class='ocrx_word' id='word_1_222' title='bbox 1833 2445 1937 2508; x_wconf 90' lang='lat' dir='ltr'><strong>Sic</strong></span> <span class='ocrx_word' id='word_1_223' title='bbox 1980 2445 2154 2508; x_wconf 90' lang='lat' dir='ltr'><strong>enim</strong></span> <span class='ocrx_word' id='word_1_224' title='bbox 2200 2447 2340 2508; x_wconf 89' lang='lat' dir='ltr'><strong>Phi-</strong></span> 
     </span>
     <span class='ocr_line' id='line_1_39' title="bbox 841 2542 2337 2627; baseline 0.003 -23"><span class='ocrx_word' id='word_1_225' title='bbox 841 2543 1058 2626; x_wconf 89' lang='lat' dir='ltr'><strong>lippus</strong></span> <span class='ocrx_word' id='word_1_226' title='bbox 1090 2542 1315 2605; x_wconf 79' lang='lat' dir='ltr'><strong>fuisset</strong></span> <span class='ocrx_word' id='word_1_227' title='bbox 1345 2545 1422 2606; x_wconf 92' lang='lat' dir='ltr'><strong>de</strong></span> <span class='ocrx_word' id='word_1_228' title='bbox 1454 2563 1720 2607; x_wconf 90' lang='lat' dir='ltr'><strong>numero</strong></span> <span class='ocrx_word' id='word_1_229' title='bbox 1751 2545 2195 2609; x_wconf 79' lang='lat' dir='ltr'><strong>haereticorum</strong></span> <span class='ocrx_word' id='word_1_230' title='bbox 2224 2545 2337 2627; x_wconf 90' lang='lat' dir='ltr'><strong>qui</strong></span> 
     </span>
     <span class='ocr_line' id='line_1_40' title="bbox 843 2642 2341 2725; baseline 0 -20"><span class='ocrx_word' id='word_1_231' title='bbox 843 2649 1197 2725; x_wconf 90' lang='lat' dir='ltr'><strong>posuerunt</strong></span> <span class='ocrx_word' id='word_1_232' title='bbox 1243 2642 1441 2704; x_wconf 91' lang='lat' dir='ltr'><strong>Deum</strong></span> <span class='ocrx_word' id='word_1_233' title='bbox 1487 2643 1550 2706; x_wconf 91' lang='lat' dir='ltr'><strong>in</strong></span> <span class='ocrx_word' id='word_1_234' title='bbox 1593 2663 1707 2706; x_wconf 89' lang='lat' dir='ltr'><strong>sua</strong></span> <span class='ocrx_word' id='word_1_235' title='bbox 1749 2653 1972 2706; x_wconf 88' lang='lat' dir='ltr'><strong>natura</strong></span> <span class='ocrx_word' id='word_1_236' title='bbox 2019 2662 2158 2706; x_wconf 89' lang='lat' dir='ltr'><strong>esse</strong></span> <span class='ocrx_word' id='word_1_237' title='bbox 2206 2664 2341 2708; x_wconf 90' lang='lat' dir='ltr'><strong>cor-</strong></span> 
     </span>
     <span class='ocr_line' id='line_1_41' title="bbox 844 2741 2336 2823; baseline 0.001 -19"><span class='ocrx_word' id='word_1_238' title='bbox 844 2758 1144 2823; x_wconf 84' lang='lat' dir='ltr'><strong>poreum3</strong></span> <span class='ocrx_word' id='word_1_239' title='bbox 1179 2760 1296 2803; x_wconf 92' lang='lat' dir='ltr'><strong>nec</strong></span> <span class='ocrx_word' id='word_1_240' title='bbox 1326 2741 1554 2823; x_wconf 88' lang='lat' dir='ltr'><strong>opinor</strong></span> <span class='ocrx_word' id='word_1_241' title='bbox 1583 2743 1755 2823; x_wconf 90' lang='lat' dir='ltr'><strong>quod</strong></span> <span class='ocrx_word' id='word_1_242' title='bbox 1785 2742 2069 2805; x_wconf 90' lang='lat' dir='ltr'><strong>Christus</strong></span> <span class='ocrx_word' id='word_1_243' title='bbox 2099 2751 2336 2806; x_wconf 81' lang='lat' dir='ltr'><strong>tantam</strong></span> 
     </span>
     <span class='ocr_line' id='line_1_42' title="bbox 844 2839 2343 2923; baseline 0.001 -22"><span class='ocrx_word' id='word_1_244' title='bbox 844 2839 954 2901; x_wconf 91' lang='lat' dir='ltr'><strong>Dei</strong></span> <span class='ocrx_word' id='word_1_245' title='bbox 1019 2839 1440 2920; x_wconf 87' lang='lat' dir='ltr'><strong>ignorantiam</strong></span> <span class='ocrx_word' id='word_1_246' title='bbox 1511 2839 1719 2902; x_wconf 90' lang='lat' dir='ltr'><strong>inesse</strong></span> <span class='ocrx_word' id='word_1_247' title='bbox 1779 2841 2073 2923; x_wconf 89' lang='lat' dir='ltr'><strong>permisit</strong></span> <span class='ocrx_word' id='word_1_248' title='bbox 2134 2841 2343 2904; x_wconf 89' lang='lat' dir='ltr'><strong>cordi-</strong></span> 
     </span>
     <span class='ocr_line' id='line_1_43' title="bbox 851 2937 2341 3019; baseline 0.003 -20"><span class='ocrx_word' id='word_1_249' title='bbox 851 2937 971 2999; x_wconf 90' lang='lat' dir='ltr'><strong>bus</strong></span> <span class='ocrx_word' id='word_1_250' title='bbox 1028 2938 1490 3019; x_wconf 88' lang='lat' dir='ltr'><strong>discipulorum</strong></span> <span class='ocrx_word' id='word_1_251' title='bbox 1552 2958 1812 3002; x_wconf 91' lang='lat' dir='ltr'><strong>suorum</strong></span> <span class='ocrx_word' id='word_1_252' title='bbox 1873 2941 2341 3004; x_wconf 88' lang='lat' dir='ltr'><strong>amantissimo-</strong></span> 
     </span>
    </p>
   </div>
   <div class='ocr_carea' id='block_1_11' title="bbox 2449 1953 3953 2028">
    <p class='ocr_par' dir='ltr' id='par_1_12' title="bbox 2449 1953 3953 2028">
     <span class='ocr_line' id='line_1_44' title="bbox 2449 1953 3953 2028; baseline -0.001 -13"><span class='ocrx_word' id='word_1_253' title='bbox 2449 1953 2674 2028; x_wconf 82' lang='lat' dir='ltr'><strong>cimuS,</strong></span> <span class='ocrx_word' id='word_1_254' title='bbox 2708 1953 2965 2016; x_wconf 89' lang='lat' dir='ltr'><strong>Vidistis</strong></span> <span class='ocrx_word' id='word_1_255' title='bbox 3012 1953 3226 2027; x_wconf 91' lang='lat' dir='ltr'><strong>istum,</strong></span> <span class='ocrx_word' id='word_1_256' title='bbox 3262 1953 3445 2016; x_wconf 91' lang='lat' dir='ltr'><strong>illum</strong></span> <span class='ocrx_word' id='word_1_257' title='bbox 3485 1955 3757 2018; x_wconf 88' lang='lat' dir='ltr'><strong>vidistis.</strong></span> <span class='ocrx_word' id='word_1_258' title='bbox 3794 1957 3953 2023; x_wconf 82' lang='lat' dir='ltr'><strong>Quo-</strong></span> 
     </span>
    </p>
   </div>
   <div class='ocr_carea' id='block_1_12' title="bbox 2448 2051 3941 2136">
    <p class='ocr_par' dir='ltr' id='par_1_13' title="bbox 2448 2051 3941 2136">
     <span class='ocr_line' id='line_1_45' title="bbox 2448 2051 3941 2136; baseline 0.003 -24"><span class='ocrx_word' id='word_1_259' title='bbox 2448 2055 2630 2113; x_wconf 86' lang='lat' dir='ltr'><strong>modo</strong></span> <span class='ocrx_word' id='word_1_260' title='bbox 2678 2061 2747 2112; x_wconf 76' lang='grc' dir='ltr'><strong>ια</strong></span> <span class='ocrx_word' id='word_1_261' title='bbox 2795 2054 2962 2114; x_wconf 84' lang='lat' dir='ltr'><strong>dicis</strong></span> <span class='ocrx_word' id='word_1_262' title='bbox 3010 2051 3075 2114; x_wconf 91' lang='lat' dir='ltr'><strong>in</strong></span> <span class='ocrx_word' id='word_1_263' title='bbox 3137 2069 3407 2135; x_wconf 89' lang='lat' dir='ltr'><strong>persona</strong></span> <span class='ocrx_word' id='word_1_264' title='bbox 3452 2053 3941 2136; x_wconf 91' lang='lat' dir='ltr'><strong>discipulorum,</strong></span> 
     </span>
    </p>
   </div>
   <div class='ocr_carea' id='block_1_13' title="bbox 2450 2151 3947 2232">
    <p class='ocr_par' dir='ltr' id='par_1_14' title="bbox 2450 2151 3947 2232">
     <span class='ocr_line' id='line_1_46' title="bbox 2450 2151 3947 2232; baseline 0.003 -22"><span class='ocrx_word' id='word_1_265' title='bbox 2450 2153 2714 2213; x_wconf 78' lang='lat' dir='ltr'><strong>Ostende</strong></span> <span class='ocrx_word' id='word_1_266' title='bbox 2754 2153 2931 2211; x_wconf 80' lang='lat' dir='ltr'><strong>nobis</strong></span> <span class='ocrx_word' id='word_1_267' title='bbox 2969 2153 3258 2219; x_wconf 79' lang='lat' dir='ltr'><strong>Patrem,</strong></span> <span class='ocrx_word' id='word_1_268' title='bbox 3300 2151 3482 2232; x_wconf 86' lang='lat' dir='ltr'><strong>quasi</strong></span> <span class='ocrx_word' id='word_1_269' title='bbox 3534 2152 3713 2215; x_wconf 89' lang='lat' dir='ltr'><strong>nullo</strong></span> <span class='ocrx_word' id='word_1_270' title='bbox 3758 2153 3947 2216; x_wconf 88' lang='lat' dir='ltr'><strong>modo</strong></span> 
     </span>
    </p>
   </div>
   <div class='ocr_carea' id='block_1_14' title="bbox 2447 2248 3949 2332">
    <p class='ocr_par' dir='ltr' id='par_1_15' title="bbox 2447 2248 3949 2332">
     <span class='ocr_line' id='line_1_47' title="bbox 2447 2248 3949 2332; baseline 0.003 -23"><span class='ocrx_word' id='word_1_271' title='bbox 2447 2248 2734 2310; x_wconf 84' lang='lat' dir='ltr'><strong>videritis</strong></span> <span class='ocrx_word' id='word_1_272' title='bbox 2793 2267 2963 2323; x_wconf 92' lang='lat' dir='ltr'><strong>eum,</strong></span> <span class='ocrx_word' id='word_1_273' title='bbox 3014 2257 3077 2310; x_wconf 91' lang='lat' dir='ltr'><strong>et</strong></span> <span class='ocrx_word' id='word_1_274' title='bbox 3126 2249 3309 2330; x_wconf 88' lang='lat' dir='ltr'><strong>quasi</strong></span> <span class='ocrx_word' id='word_1_275' title='bbox 3370 2267 3658 2314; x_wconf 90' lang='lat' dir='ltr'><strong>seorsum</strong></span> <span class='ocrx_word' id='word_1_276' title='bbox 3716 2269 3949 2332; x_wconf 88' lang='lat' dir='ltr'><strong>cogno—</strong></span> 
     </span>
    </p>
   </div>
   <div class='ocr_carea' id='block_1_15' title="bbox 2450 2347 3949 3018">
    <p class='ocr_par' dir='ltr' id='par_1_16' title="bbox 2450 2347 3949 3018">
     <span class='ocr_line' id='line_1_48' title="bbox 2450 2347 3947 2430; baseline 0.003 -22"><span class='ocrx_word' id='word_1_277' title='bbox 2450 2355 2731 2409; x_wconf 88' lang='lat' dir='ltr'><strong>sceretur</strong></span> <span class='ocrx_word' id='word_1_278' title='bbox 2773 2347 2910 2409; x_wconf 91' lang='lat' dir='ltr'><strong>sine</strong></span> <span class='ocrx_word' id='word_1_279' title='bbox 2951 2365 3073 2422; x_wconf 92' lang='lat' dir='ltr'><strong>me,</strong></span> <span class='ocrx_word' id='word_1_280' title='bbox 3106 2356 3169 2409; x_wconf 90' lang='lat' dir='ltr'><strong>et</strong></span> <span class='ocrx_word' id='word_1_281' title='bbox 3207 2349 3389 2429; x_wconf 87' lang='lat' dir='ltr'><strong>quasi</strong></span> <span class='ocrx_word' id='word_1_282' title='bbox 3430 2349 3707 2430; x_wconf 86' lang='lat' dir='ltr'><strong>cognitio</strong></span> <span class='ocrx_word' id='word_1_283' title='bbox 3746 2349 3947 2412; x_wconf 86' lang='lat' dir='ltr'><strong>Patris</strong></span> 
     </span>
     <span class='ocr_line' id='line_1_49' title="bbox 2451 2445 3949 2530; baseline 0.001 -23"><span class='ocrx_word' id='word_1_284' title='bbox 2451 2445 2701 2526; x_wconf 88' lang='lat' dir='ltr'><strong>dignior</strong></span> <span class='ocrx_word' id='word_1_285' title='bbox 2729 2453 2897 2508; x_wconf 87' lang='lat' dir='ltr'><strong>esset</strong></span> <span class='ocrx_word' id='word_1_286' title='bbox 2925 2464 3118 2527; x_wconf 87' lang='lat' dir='ltr'><strong>quam</strong></span> <span class='ocrx_word' id='word_1_287' title='bbox 3150 2446 3373 2509; x_wconf 87' lang='lat' dir='ltr'><strong>notitia</strong></span> <span class='ocrx_word' id='word_1_288' title='bbox 3400 2448 3563 2510; x_wconf 69' lang='lat' dir='ltr'><strong>mei?</strong></span> <span class='ocrx_word' id='word_1_289' title='bbox 3590 2447 3733 2511; x_wconf 79' lang='lat' dir='ltr'><strong>Haec</strong></span> <span class='ocrx_word' id='word_1_290' title='bbox 3762 2449 3949 2530; x_wconf 89' lang='lat' dir='ltr'><strong>quip-</strong></span> 
     </span>
     <span class='ocr_line' id='line_1_50' title="bbox 2454 2541 3949 2626; baseline 0.003 -24"><span class='ocrx_word' id='word_1_291' title='bbox 2454 2559 2532 2623; x_wconf 90' lang='lat' dir='ltr'><strong>pe</strong></span> <span class='ocrx_word' id='word_1_292' title='bbox 2580 2541 2829 2604; x_wconf 87' lang='lat' dir='ltr'><strong>videtur</strong></span> <span class='ocrx_word' id='word_1_293' title='bbox 2878 2541 3207 2623; x_wconf 88' lang='lat' dir='ltr'><strong>Philippus</strong></span> <span class='ocrx_word' id='word_1_294' title='bbox 3258 2542 3323 2604; x_wconf 90' lang='lat' dir='ltr'><strong>in</strong></span> <span class='ocrx_word' id='word_1_295' title='bbox 3376 2561 3491 2605; x_wconf 91' lang='lat' dir='ltr'><strong>sua</strong></span> <span class='ocrx_word' id='word_1_296' title='bbox 3547 2561 3737 2625; x_wconf 88' lang='lat' dir='ltr'><strong>prece</strong></span> <span class='ocrx_word' id='word_1_297' title='bbox 3790 2563 3949 2626; x_wconf 86' lang='lat' dir='ltr'><strong>prae-</strong></span> 
     </span>
     <span class='ocr_line' id='line_1_51' title="bbox 2452 2639 3947 2724; baseline 0.003 -24"><span class='ocrx_word' id='word_1_298' title='bbox 2452 2639 2864 2721; x_wconf 90' lang='lat' dir='ltr'><strong>supposuisse</strong></span> <span class='ocrx_word' id='word_1_299' title='bbox 2898 2658 2911 2702; x_wconf 89' lang='lat'><strong>:</strong></span> <span class='ocrx_word' id='word_1_300' title='bbox 2945 2658 3089 2721; x_wconf 81' lang='lat' dir='ltr'><strong>quae</strong></span> <span class='ocrx_word' id='word_1_301' title='bbox 3118 2658 3382 2702; x_wconf 89' lang='lat' dir='ltr'><strong>erronea</strong></span> <span class='ocrx_word' id='word_1_302' title='bbox 3418 2649 3588 2703; x_wconf 87' lang='lat' dir='ltr'><strong>sunt.</strong></span> <span class='ocrx_word' id='word_1_303' title='bbox 3624 2642 3771 2705; x_wconf 87' lang='lat' dir='ltr'><strong>Ideo</strong></span> <span class='ocrx_word' id='word_1_304' title='bbox 3800 2643 3947 2724; x_wconf 92' lang='lat' dir='ltr'><strong>pius</strong></span> 
     </span>
     <span class='ocr_line' id='line_1_52' title="bbox 2452 2738 3949 2823; baseline 0.003 -24"><span class='ocrx_word' id='word_1_305' title='bbox 2452 2739 2751 2818; x_wconf 90' lang='lat' dir='ltr'><strong>magister</strong></span> <span class='ocrx_word' id='word_1_306' title='bbox 2788 2739 3075 2820; x_wconf 88' lang='lat' dir='ltr'><strong>increpat</strong></span> <span class='ocrx_word' id='word_1_307' title='bbox 3116 2738 3504 2820; x_wconf 89' lang='lat' dir='ltr'><strong>discipulum</strong></span> <span class='ocrx_word' id='word_1_308' title='bbox 3549 2741 3641 2802; x_wconf 91' lang='lat' dir='ltr'><strong>sic</strong></span> <span class='ocrx_word' id='word_1_309' title='bbox 3682 2759 3949 2823; x_wconf 86' lang='lat' dir='ltr'><strong>precan-</strong></span> 
     </span>
     <span class='ocr_line' id='line_1_53' title="bbox 2453 2835 3947 2921; baseline 0.003 -23"><span class='ocrx_word' id='word_1_310' title='bbox 2453 2844 2601 2909; x_wconf 86' lang='lat' dir='ltr'><strong>tem,</strong></span> <span class='ocrx_word' id='word_1_311' title='bbox 2652 2835 2920 2898; x_wconf 88' lang='lat' dir='ltr'><strong>Ostende</strong></span> <span class='ocrx_word' id='word_1_312' title='bbox 2982 2835 3163 2900; x_wconf 91' lang='lat' dir='ltr'><strong>nobis</strong></span> <span class='ocrx_word' id='word_1_313' title='bbox 3224 2836 3465 2900; x_wconf 87' lang='lat' dir='ltr'><strong>Patrem</strong></span> <span class='ocrx_word' id='word_1_314' title='bbox 3520 2857 3535 2901; x_wconf 76' lang='grc' dir='ltr'>ε</span> <span class='ocrx_word' id='word_1_315' title='bbox 3590 2858 3715 2902; x_wconf 90' lang='lat' dir='ltr'><strong>non</strong></span> <span class='ocrx_word' id='word_1_316' title='bbox 3774 2841 3947 2921; x_wconf 85' lang='lat' dir='ltr'><strong>quod</strong></span> 
     </span>
     <span class='ocr_line' id='line_1_54' title="bbox 2453 2934 3942 3018; baseline 0.003 -22"><span class='ocrx_word' id='word_1_317' title='bbox 2453 2934 2571 2998; x_wconf 88' lang='lat' dir='ltr'><strong>hoc</strong></span> <span class='ocrx_word' id='word_1_318' title='bbox 2613 2936 2922 2998; x_wconf 90' lang='lat' dir='ltr'><strong>orandum</strong></span> <span class='ocrx_word' id='word_1_319' title='bbox 2969 2955 3097 2998; x_wconf 90' lang='lat' dir='ltr'><strong>non</strong></span> <span class='ocrx_word' id='word_1_320' title='bbox 3147 2935 3248 3009; x_wconf 90' lang='lat' dir='ltr'><strong>sit,</strong></span> <span class='ocrx_word' id='word_1_321' title='bbox 3290 2938 3399 2999; x_wconf 91' lang='lat' dir='ltr'><strong>sed</strong></span> <span class='ocrx_word' id='word_1_322' title='bbox 3442 2938 3595 3018; x_wconf 91' lang='lat' dir='ltr'><strong>quia</strong></span> <span class='ocrx_word' id='word_1_323' title='bbox 3632 2938 3942 3001; x_wconf 88' lang='lat' dir='ltr'><strong>orandum</strong></span> 
     </span>
    </p>
   </div>
   <div class='ocr_carea' id='block_1_16' title="bbox 851 3029 3943 3119">
    <p class='ocr_par' dir='ltr' id='par_1_17' title="bbox 851 3029 3943 3119">
     <span class='ocr_line' id='line_1_55' title="bbox 851 3029 3943 3119; baseline 0 -21"><span class='ocrx_word' id='word_1_324' title='bbox 851 3054 1017 3108; x_wconf 88' lang='lat' dir='ltr'><strong>rum,</strong></span> <span class='ocrx_word' id='word_1_325' title='bbox 1079 3035 1428 3117; x_wconf 78' lang='lat' dir='ltr'><strong>praesertim</strong></span> <span class='ocrx_word' id='word_1_326' title='bbox 1492 3056 1693 3118; x_wconf 90' lang='lat' dir='ltr'><strong>quum</strong></span> <span class='ocrx_word' id='word_1_327' title='bbox 1758 3038 2052 3119; x_wconf 88' lang='lat' dir='ltr'><strong>superius</strong></span> <span class='ocrx_word' id='word_1_328' title='bbox 2111 3038 2343 3101; x_wconf 81' lang='lat' dir='ltr'><strong>dixerit</strong></span> <span class='ocrx_word' id='word_1_329' title='bbox 2380 3029 2423 3092; x_wconf 88' lang='lat' dir='ltr'>C</span> <span class='ocrx_word' id='word_1_330' title='bbox 2452 3051 2577 3095; x_wconf 91' lang='lat' dir='ltr'><strong>non</strong></span> <span class='ocrx_word' id='word_1_331' title='bbox 2628 3041 2725 3094; x_wconf 91' lang='lat' dir='ltr'><strong>est</strong></span> <span class='ocrx_word' id='word_1_332' title='bbox 2772 3033 3123 3096; x_wconf 89' lang='lat' dir='ltr'><strong>secundum</strong></span> <span class='ocrx_word' id='word_1_333' title='bbox 3172 3033 3655 3099; x_wconf 63' lang='lat' dir='ltr'><strong>aestimationem</strong></span> <span class='ocrx_word' id='word_1_334' title='bbox 3701 3055 3831 3118; x_wconf 85' lang='lat' dir='ltr'><strong>qua</strong></span> <span class='ocrx_word' id='word_1_335' title='bbox 3878 3037 3943 3099; x_wconf 92' lang='lat' dir='ltr'><strong>id</strong></span> 
     </span>
    </p>
   </div>
   <div class='ocr_carea' id='block_1_17' title="bbox 852 3133 2353 4200">
    <p class='ocr_par' dir='ltr' id='par_1_18' title="bbox 852 3133 2345 3513">
     <span class='ocr_line' id='line_1_56' title="bbox 852 3133 2339 3217; baseline 0.002 -21"><span class='ocrx_word' id='word_1_336' title='bbox 852 3133 1106 3196; x_wconf 90' lang='lat' dir='ltr'><strong>mulieri</strong></span> <span class='ocrx_word' id='word_1_337' title='bbox 1155 3133 1561 3197; x_wconf 79' lang='lat' dir='ltr'><strong>Samaritanae</strong></span> <span class='ocrx_word' id='word_1_338' title='bbox 1611 3153 1624 3196; x_wconf 75' lang='grc' dir='ltr'>ε</span> <span class='ocrx_word' id='word_1_339' title='bbox 1678 3134 1952 3217; x_wconf 88' lang='lat' dir='ltr'><strong>Spiritus</strong></span> <span class='ocrx_word' id='word_1_340' title='bbox 2002 3145 2098 3198; x_wconf 88' lang='lat' dir='ltr'><strong>est</strong></span> <span class='ocrx_word' id='word_1_341' title='bbox 2156 3137 2339 3211; x_wconf 82' lang='lat' dir='ltr'><strong>DeuS,</strong></span> 
     </span>
     <span class='ocr_line' id='line_1_57' title="bbox 853 3232 2337 3316; baseline 0.003 -22"><span class='ocrx_word' id='word_1_342' title='bbox 853 3240 916 3294; x_wconf 90' lang='lat' dir='ltr'><strong>et</strong></span> <span class='ocrx_word' id='word_1_343' title='bbox 971 3250 1078 3296; x_wconf 89' lang='lat' dir='ltr'><strong>eos</strong></span> <span class='ocrx_word' id='word_1_344' title='bbox 1139 3232 1251 3315; x_wconf 91' lang='lat' dir='ltr'><strong>qui</strong></span> <span class='ocrx_word' id='word_1_345' title='bbox 1309 3233 1574 3296; x_wconf 87' lang='lat' dir='ltr'><strong>adorant</strong></span> <span class='ocrx_word' id='word_1_346' title='bbox 1627 3251 1797 3308; x_wconf 90' lang='lat' dir='ltr'><strong>eum,</strong></span> <span class='ocrx_word' id='word_1_347' title='bbox 1855 3234 1918 3296; x_wconf 92' lang='lat' dir='ltr'><strong>in</strong></span> <span class='ocrx_word' id='word_1_348' title='bbox 1981 3235 2211 3316; x_wconf 89' lang='lat' dir='ltr'><strong>spiritu</strong></span> <span class='ocrx_word' id='word_1_349' title='bbox 2274 3243 2337 3298; x_wconf 89' lang='lat' dir='ltr'><strong>et</strong></span> 
     </span>
     <span class='ocr_line' id='line_1_58' title="bbox 853 3331 2345 3415; baseline 0.001 -21"><span class='ocrx_word' id='word_1_350' title='bbox 853 3331 1116 3394; x_wconf 82' lang='lat' dir='ltr'><strong>veritate</strong></span> <span class='ocrx_word' id='word_1_351' title='bbox 1180 3331 1442 3393; x_wconf 84' lang='lat' dir='ltr'><strong>adorare</strong></span> <span class='ocrx_word' id='word_1_352' title='bbox 1507 3339 1774 3413; x_wconf 88' lang='lat' dir='ltr'><strong>oportet.</strong></span> <span class='ocrx_word' id='word_1_353' title='bbox 1839 3333 2049 3396; x_wconf 85' lang='lat' dir='ltr'><strong>Talem</strong></span> <span class='ocrx_word' id='word_1_354' title='bbox 2120 3334 2345 3415; x_wconf 89' lang='lat' dir='ltr'><strong>utique</strong></span> 
     </span>
     <span class='ocr_line' id='line_1_59' title="bbox 854 3429 2122 3513; baseline 0.001 -21"><span class='ocrx_word' id='word_1_355' title='bbox 854 3431 1112 3493; x_wconf 90' lang='lat' dir='ltr'><strong>modum</strong></span> <span class='ocrx_word' id='word_1_356' title='bbox 1158 3430 1376 3493; x_wconf 87' lang='lat' dir='ltr'><strong>orandi</strong></span> <span class='ocrx_word' id='word_1_357' title='bbox 1423 3429 1726 3492; x_wconf 89' lang='lat' dir='ltr'><strong>instruxit</strong></span> <span class='ocrx_word' id='word_1_358' title='bbox 1768 3431 2122 3513; x_wconf 79' lang='lat' dir='ltr'><strong>Apostolos,</strong></span> 
     </span>
    </p>

    <p class='ocr_par' dir='ltr' id='par_1_19' title="bbox 853 3531 2353 4200">
     <span class='ocr_line' id='line_1_60' title="bbox 933 3531 2346 3608; baseline 0.003 -19"><span class='ocrx_word' id='word_1_359' title='bbox 933 3531 1111 3590; x_wconf 79' lang='lat' dir='ltr'><strong>Dicit</strong></span> <span class='ocrx_word' id='word_1_360' title='bbox 1137 3531 1200 3589; x_wconf 82' lang='lat' dir='ltr'><strong>ei</strong></span> <span class='ocrx_word' id='word_1_361' title='bbox 1225 3531 1408 3590; x_wconf 81' lang='lat' dir='ltr'><strong>Iesus</strong></span> <span class='ocrx_word' id='word_1_362' title='bbox 1430 3550 1452 3588; x_wconf 92' lang='lat'><strong>.·</strong></span> <span class='ocrx_word' id='word_1_363' title='bbox 1479 3533 1676 3590; x_wconf 79' lang='lat' dir='ltr'><strong>Tanto</strong></span> <span class='ocrx_word' id='word_1_364' title='bbox 1720 3541 1995 3608; x_wconf 79' lang='lat' dir='ltr'><strong>tempore</strong></span> <span class='ocrx_word' id='word_1_365' title='bbox 2025 3535 2346 3593; x_wconf 81' lang='lat' dir='ltr'><strong>vobiscum</strong></span> 
     </span>
     <span class='ocr_line' id='line_1_61' title="bbox 853 3627 2347 3702; baseline 0.003 -14"><span class='ocrx_word' id='word_1_366' title='bbox 853 3649 1018 3699; x_wconf 80' lang='lat' dir='ltr'><strong>sum,</strong></span> <span class='ocrx_word' id='word_1_367' title='bbox 1078 3627 1143 3689; x_wconf 89' lang='lat' dir='ltr'><strong>id</strong></span> <span class='ocrx_word' id='word_1_368' title='bbox 1201 3635 1316 3702; x_wconf 89' lang='lat' dir='ltr'><strong>est,</strong></span> <span class='ocrx_word' id='word_1_369' title='bbox 1376 3635 1504 3688; x_wconf 92' lang='lat' dir='ltr'><strong>tam</strong></span> <span class='ocrx_word' id='word_1_370' title='bbox 1567 3628 1674 3688; x_wconf 89' lang='lat' dir='ltr'><strong>diu</strong></span> <span class='ocrx_word' id='word_1_371' title='bbox 1736 3638 2144 3692; x_wconf 88' lang='lat' dir='ltr'><strong>conversatus</strong></span> <span class='ocrx_word' id='word_1_372' title='bbox 2204 3649 2347 3692; x_wconf 90' lang='lat' dir='ltr'><strong>sum</strong></span> 
     </span>
     <span class='ocr_line' id='line_1_62' title="bbox 855 3725 2351 3803; baseline 0.001 -15"><span class='ocrx_word' id='word_1_373' title='bbox 855 3727 1022 3788; x_wconf 90' lang='lat' dir='ltr'><strong>inter</strong></span> <span class='ocrx_word' id='word_1_374' title='bbox 1061 3745 1192 3801; x_wconf 83' lang='lat' dir='ltr'><strong>VOS,</strong></span> <span class='ocrx_word' id='word_1_375' title='bbox 1235 3734 1298 3788; x_wconf 91' lang='lat' dir='ltr'><strong>et</strong></span> <span class='ocrx_word' id='word_1_376' title='bbox 1345 3725 1544 3787; x_wconf 84' lang='lat' dir='ltr'><strong>multa</strong></span> <span class='ocrx_word' id='word_1_377' title='bbox 1591 3726 1668 3788; x_wconf 90' lang='lat' dir='ltr'><strong>de</strong></span> <span class='ocrx_word' id='word_1_378' title='bbox 1717 3727 1840 3790; x_wconf 90' lang='lat' dir='ltr'><strong>Deo</strong></span> <span class='ocrx_word' id='word_1_379' title='bbox 1881 3746 1991 3790; x_wconf 89' lang='lat' dir='ltr'><strong>vos</strong></span> <span class='ocrx_word' id='word_1_380' title='bbox 2040 3729 2251 3803; x_wconf 92' lang='lat' dir='ltr'><strong>docui,</strong></span> <span class='ocrx_word' id='word_1_381' title='bbox 2290 3739 2351 3790; x_wconf 78' lang='lat' dir='ltr'><strong>ec</strong></span> 
     </span>
     <span class='ocr_line' id='line_1_63' title="bbox 853 3825 2349 3909; baseline 0.003 -23"><span class='ocrx_word' id='word_1_382' title='bbox 853 3846 982 3887; x_wconf 84' lang='lat' dir='ltr'><strong>non</strong></span> <span class='ocrx_word' id='word_1_383' title='bbox 1013 3827 1396 3903; x_wconf 71' lang='lat' dir='ltr'><strong>coynovistis</strong></span> <span class='ocrx_word' id='word_1_384' title='bbox 1425 3846 1524 3886; x_wconf 85' lang='lat' dir='ltr'><strong>me</strong></span> <span class='ocrx_word' id='word_1_385' title='bbox 1554 3825 1868 3900; x_wconf 87' lang='lat' dir='ltr'><strong>distincte,</strong></span> <span class='ocrx_word' id='word_1_386' title='bbox 1894 3825 2159 3902; x_wconf 88' lang='lat' dir='ltr'><strong>scilicet,</strong></span> <span class='ocrx_word' id='word_1_387' title='bbox 2179 3829 2349 3909; x_wconf 89' lang='lat' dir='ltr'><strong>quod</strong></span> 
     </span>
     <span class='ocr_line' id='line_1_64' title="bbox 856 3922 2353 4003; baseline 0.001 -18"><span class='ocrx_word' id='word_1_388' title='bbox 856 3942 999 3985; x_wconf 89' lang='lat' dir='ltr'><strong>sum</strong></span> <span class='ocrx_word' id='word_1_389' title='bbox 1042 3922 1204 3984; x_wconf 89' lang='lat' dir='ltr'><strong>Deus</strong></span> <span class='ocrx_word' id='word_1_390' title='bbox 1244 3922 1351 3984; x_wconf 90' lang='lat' dir='ltr'><strong>Dei</strong></span> <span class='ocrx_word' id='word_1_391' title='bbox 1383 3922 1757 4003; x_wconf 88' lang='lat' dir='ltr'><strong>Unigenitus</strong></span> <span class='ocrx_word' id='word_1_392' title='bbox 1796 3932 1858 3985; x_wconf 90' lang='lat' dir='ltr'><strong>et</strong></span> <span class='ocrx_word' id='word_1_393' title='bbox 1897 3924 2085 3988; x_wconf 90' lang='lat' dir='ltr'><strong>homo</strong></span> <span class='ocrx_word' id='word_1_394' title='bbox 2119 3925 2183 3986; x_wconf 89' lang='lat' dir='ltr'><strong>in</strong></span> <span class='ocrx_word' id='word_1_395' title='bbox 2226 3944 2353 3987; x_wconf 90' lang='lat' dir='ltr'><strong>una</strong></span> 
     </span>
     <span class='ocr_line' id='line_1_65' title="bbox 857 4021 2349 4103; baseline 0.001 -19"><span class='ocrx_word' id='word_1_396' title='bbox 857 4039 1173 4103; x_wconf 87' lang='lat' dir='ltr'><strong>persona:</strong></span> <span class='ocrx_word' id='word_1_397' title='bbox 1209 4021 1378 4101; x_wconf 90' lang='lat' dir='ltr'><strong>quod</strong></span> <span class='ocrx_word' id='word_1_398' title='bbox 1423 4021 1608 4083; x_wconf 87' lang='lat' dir='ltr'><strong>toties</strong></span> <span class='ocrx_word' id='word_1_399' title='bbox 1653 4021 1832 4084; x_wconf 83' lang='lat' dir='ltr'><strong>vobis</strong></span> <span class='ocrx_word' id='word_1_400' title='bbox 1877 4022 2245 4086; x_wconf 71' lang='lat' dir='ltr'><strong>insinuavi?</strong></span> <span class='ocrx_word' id='word_1_401' title='bbox 2288 4023 2349 4085; x_wconf 92' lang='lat' dir='ltr'><strong>ln</strong></span> 
     </span>
     <span class='ocr_line' id='line_1_66' title="bbox 854 4118 2351 4200; baseline 0.003 -21"><span class='ocrx_word' id='word_1_402' title='bbox 854 4137 986 4200; x_wconf 88' lang='lat' dir='ltr'><strong>quo</strong></span> <span class='ocrx_word' id='word_1_403' title='bbox 1060 4124 1232 4199; x_wconf 90' lang='lat' dir='ltr'><strong>patet</strong></span> <span class='ocrx_word' id='word_1_404' title='bbox 1298 4118 1574 4180; x_wconf 86' lang='lat' dir='ltr'><strong>maxima</strong></span> <span class='ocrx_word' id='word_1_405' title='bbox 1639 4120 1878 4182; x_wconf 88' lang='lat' dir='ltr'><strong>ruditas</strong></span> <span class='ocrx_word' id='word_1_406' title='bbox 1941 4129 2168 4182; x_wconf 89' lang='lat' dir='ltr'><strong>vestra.</strong></span> <span class='ocrx_word' id='word_1_407' title='bbox 2232 4121 2351 4183; x_wconf 91' lang='lat' dir='ltr'><strong>Sed</strong></span> 
     </span>
    </p>
   </div>
   <div class='ocr_carea' id='block_1_18' title="bbox 2450 3131 3958 4199">
    <p class='ocr_par' dir='ltr' id='par_1_20' title="bbox 2450 3131 3050 3213">
     <span class='ocr_line' id='line_1_67' title="bbox 2450 3131 3050 3213; baseline -0.005 -18"><span class='ocrx_word' id='word_1_408' title='bbox 2450 3133 2653 3195; x_wconf 89' lang='lat' dir='ltr'><strong>oravit</strong></span> <span class='ocrx_word' id='word_1_409' title='bbox 2698 3131 3050 3213; x_wconf 78' lang='lat' dir='ltr'><strong>Philippus,</strong></span> 
     </span>
    </p>

    <p class='ocr_par' dir='ltr' id='par_1_21' title="bbox 2454 3233 3958 4199">
     <span class='ocr_line' id='line_1_68' title="bbox 2532 3233 3942 3311; baseline 0.001 -17"><span class='ocrx_word' id='word_1_410' title='bbox 2532 3233 2681 3294; x_wconf 80' lang='lat' dir='ltr'><strong>Non</strong></span> <span class='ocrx_word' id='word_1_411' title='bbox 2717 3233 2925 3292; x_wconf 79' lang='lat' dir='ltr'><strong>credis</strong></span> <span class='ocrx_word' id='word_1_412' title='bbox 2960 3233 3117 3311; x_wconf 81' lang='lat' dir='ltr'><strong>quia</strong></span> <span class='ocrx_word' id='word_1_413' title='bbox 3158 3252 3269 3309; x_wconf 76' lang='lat' dir='ltr'><strong>eyo</strong></span> <span class='ocrx_word' id='word_1_414' title='bbox 3312 3234 3664 3296; x_wconf 85' lang='lat' dir='ltr'><strong>secundum</strong></span> <span class='ocrx_word' id='word_1_415' title='bbox 3708 3235 3942 3298; x_wconf 88' lang='lat' dir='ltr'><strong>divini-</strong></span> 
     </span>
     <span class='ocr_line' id='line_1_69' title="bbox 2454 3331 3939 3399; baseline 0.002 -8"><span class='ocrx_word' id='word_1_416' title='bbox 2454 3337 2644 3392; x_wconf 87' lang='lat' dir='ltr'><strong>tatem</strong></span> <span class='ocrx_word' id='word_1_417' title='bbox 2688 3348 2828 3391; x_wconf 91' lang='lat' dir='ltr'><strong>sum</strong></span> <span class='ocrx_word' id='word_1_418' title='bbox 2873 3331 2941 3389; x_wconf 81' lang='lat' dir='ltr'><strong>in</strong></span> <span class='ocrx_word' id='word_1_419' title='bbox 2982 3332 3206 3399; x_wconf 81' lang='lat' dir='ltr'><strong>Patre,</strong></span> <span class='ocrx_word' id='word_1_420' title='bbox 3246 3341 3305 3392; x_wconf 81' lang='lat' dir='ltr'><strong>et</strong></span> <span class='ocrx_word' id='word_1_421' title='bbox 3344 3334 3545 3394; x_wconf 79' lang='lat' dir='ltr'><strong>Pater</strong></span> <span class='ocrx_word' id='word_1_422' title='bbox 3586 3336 3659 3394; x_wconf 81' lang='lat' dir='ltr'><strong>in</strong></span> <span class='ocrx_word' id='word_1_423' title='bbox 3708 3355 3809 3396; x_wconf 84' lang='lat' dir='ltr'><strong>me</strong></span> <span class='ocrx_word' id='word_1_424' title='bbox 3848 3344 3939 3394; x_wconf 72' lang='lat' dir='ltr'><strong>est</strong></span> 
     </span>
     <span class='ocr_line' id='line_1_70' title="bbox 2454 3427 3940 3510; baseline 0.003 -20"><span class='ocrx_word' id='word_1_425' title='bbox 2454 3447 2567 3510; x_wconf 90' lang='lat' dir='ltr'><strong>per</strong></span> <span class='ocrx_word' id='word_1_426' title='bbox 2614 3427 3005 3490; x_wconf 89' lang='lat' dir='ltr'><strong>identitatem</strong></span> <span class='ocrx_word' id='word_1_427' title='bbox 3054 3428 3465 3492; x_wconf 66' lang='lat' dir='ltr'><strong>substantiaei</strong></span> <span class='ocrx_word' id='word_1_428' title='bbox 3511 3429 3717 3503; x_wconf 90' lang='lat' dir='ltr'><strong>Quum</strong></span> <span class='ocrx_word' id='word_1_429' title='bbox 3764 3433 3940 3494; x_wconf 90' lang='lat' dir='ltr'><strong>enim</strong></span> 
     </span>
     <span class='ocr_line' id='line_1_71' title="bbox 2454 3526 3947 3611; baseline 0.003 -22"><span class='ocrx_word' id='word_1_430' title='bbox 2454 3526 2632 3589; x_wconf 88' lang='lat' dir='ltr'><strong>Pater</strong></span> <span class='ocrx_word' id='word_1_431' title='bbox 2674 3527 2755 3588; x_wconf 92' lang='lat' dir='ltr'><strong>sit</strong></span> <span class='ocrx_word' id='word_1_432' title='bbox 2806 3544 2921 3588; x_wconf 88' lang='lat' dir='ltr'><strong>sua</strong></span> <span class='ocrx_word' id='word_1_433' title='bbox 2966 3526 3260 3601; x_wconf 87' lang='lat' dir='ltr'><strong>essentia,</strong></span> <span class='ocrx_word' id='word_1_434' title='bbox 3306 3526 3505 3590; x_wconf 90' lang='lat' dir='ltr'><strong>Filius</strong></span> <span class='ocrx_word' id='word_1_435' title='bbox 3554 3547 3813 3611; x_wconf 87' lang='lat' dir='ltr'><strong>quoque</strong></span> <span class='ocrx_word' id='word_1_436' title='bbox 3858 3532 3947 3594; x_wconf 82' lang='lat' dir='ltr'><strong>sit</strong></span> 
     </span>
     <span class='ocr_line' id='line_1_72' title="bbox 2454 3623 3949 3703; baseline 0.003 -16"><span class='ocrx_word' id='word_1_437' title='bbox 2454 3626 2672 3687; x_wconf 90' lang='lat' dir='ltr'><strong>eadem</strong></span> <span class='ocrx_word' id='word_1_438' title='bbox 2710 3623 3003 3700; x_wconf 88' lang='lat' dir='ltr'><strong>essentia,</strong></span> <span class='ocrx_word' id='word_1_439' title='bbox 3037 3624 3147 3686; x_wconf 90' lang='lat' dir='ltr'><strong>ubi</strong></span> <span class='ocrx_word' id='word_1_440' title='bbox 3186 3633 3281 3687; x_wconf 92' lang='lat' dir='ltr'><strong>est</strong></span> <span class='ocrx_word' id='word_1_441' title='bbox 3318 3627 3591 3689; x_wconf 88' lang='lat' dir='ltr'><strong>essentia</strong></span> <span class='ocrx_word' id='word_1_442' title='bbox 3630 3627 3847 3703; x_wconf 88' lang='lat' dir='ltr'><strong>Patris,</strong></span> <span class='ocrx_word' id='word_1_443' title='bbox 3884 3639 3949 3692; x_wconf 90' lang='lat' dir='ltr'><strong>et</strong></span> 
     </span>
     <span class='ocr_line' id='line_1_73' title="bbox 2457 3723 3953 3803; baseline 0.003 -17"><span class='ocrx_word' id='word_1_444' title='bbox 2457 3723 2545 3786; x_wconf 91' lang='lat' dir='ltr'><strong>ibi</strong></span> <span class='ocrx_word' id='word_1_445' title='bbox 2590 3723 2806 3803; x_wconf 85' lang='lat' dir='ltr'><strong>Pater3</strong></span> <span class='ocrx_word' id='word_1_446' title='bbox 2849 3730 2911 3785; x_wconf 90' lang='lat' dir='ltr'><strong>et</strong></span> <span class='ocrx_word' id='word_1_447' title='bbox 2956 3723 3064 3785; x_wconf 89' lang='lat' dir='ltr'><strong>ubi</strong></span> <span class='ocrx_word' id='word_1_448' title='bbox 3106 3724 3379 3786; x_wconf 87' lang='lat' dir='ltr'><strong>essentia</strong></span> <span class='ocrx_word' id='word_1_449' title='bbox 3420 3724 3582 3800; x_wconf 85' lang='lat' dir='ltr'><strong>Filii,</strong></span> <span class='ocrx_word' id='word_1_450' title='bbox 3616 3727 3708 3789; x_wconf 91' lang='lat' dir='ltr'><strong>ibi</strong></span> <span class='ocrx_word' id='word_1_451' title='bbox 3748 3736 3813 3791; x_wconf 87' lang='lat' dir='ltr'><strong>et</strong></span> <span class='ocrx_word' id='word_1_452' title='bbox 3850 3727 3953 3790; x_wconf 83' lang='lat' dir='ltr'><strong>Fi-</strong></span> 
     </span>
     <span class='ocr_line' id='line_1_74' title="bbox 2459 3820 3955 3889; baseline 0.003 -5"><span class='ocrx_word' id='word_1_453' title='bbox 2459 3823 2603 3884; x_wconf 90' lang='lat' dir='ltr'><strong>lius.</strong></span> <span class='ocrx_word' id='word_1_454' title='bbox 2657 3822 2726 3883; x_wconf 92' lang='lat' dir='ltr'><strong>ln</strong></span> <span class='ocrx_word' id='word_1_455' title='bbox 2772 3820 2979 3883; x_wconf 88' lang='lat' dir='ltr'><strong>tribus</strong></span> <span class='ocrx_word' id='word_1_456' title='bbox 3028 3840 3179 3885; x_wconf 85' lang='lat' dir='ltr'><strong>vero</strong></span> <span class='ocrx_word' id='word_1_457' title='bbox 3226 3822 3462 3886; x_wconf 86' lang='lat' dir='ltr'><strong>divinis</strong></span> <span class='ocrx_word' id='word_1_458' title='bbox 3520 3823 3809 3889; x_wconf 89' lang='lat' dir='ltr'><strong>Personis</strong></span> <span class='ocrx_word' id='word_1_459' title='bbox 3855 3836 3955 3889; x_wconf 86' lang='lat' dir='ltr'><strong>est</strong></span> 
     </span>
     <span class='ocr_line' id='line_1_75' title="bbox 2460 3920 3958 4003; baseline 0.005 -21"><span class='ocrx_word' id='word_1_460' title='bbox 2460 3941 2585 3983; x_wconf 90' lang='lat' dir='ltr'><strong>una</strong></span> <span class='ocrx_word' id='word_1_461' title='bbox 2622 3920 2894 3984; x_wconf 87' lang='lat' dir='ltr'><strong>essentia</strong></span> <span class='ocrx_word' id='word_1_462' title='bbox 2929 3939 2943 3982; x_wconf 76' lang='grc' dir='ltr'>ε</span> <span class='ocrx_word' id='word_1_463' title='bbox 2979 3921 3120 3983; x_wconf 92' lang='lat' dir='ltr'><strong>ideo</strong></span> <span class='ocrx_word' id='word_1_464' title='bbox 3159 3921 3425 4003; x_wconf 84' lang='lat' dir='ltr'><strong>singulae</strong></span> <span class='ocrx_word' id='word_1_465' title='bbox 3461 3941 3679 3986; x_wconf 85' lang='lat' dir='ltr'><strong>earum</strong></span> <span class='ocrx_word' id='word_1_466' title='bbox 3722 3925 3786 3987; x_wconf 90' lang='lat' dir='ltr'><strong>in</strong></span> <span class='ocrx_word' id='word_1_467' title='bbox 3828 3926 3958 3989; x_wconf 88' lang='lat' dir='ltr'><strong>sin-</strong></span> 
     </span>
     <span class='ocr_line' id='line_1_76' title="bbox 2456 4017 3955 4102; baseline 0.004 -22"><span class='ocrx_word' id='word_1_468' title='bbox 2456 4020 2623 4100; x_wconf 90' lang='lat' dir='ltr'><strong>gulis</strong></span> <span class='ocrx_word' id='word_1_469' title='bbox 2681 4027 2850 4080; x_wconf 89' lang='lat' dir='ltr'><strong>sunt.</strong></span> <span class='ocrx_word' id='word_1_470' title='bbox 2904 4017 3082 4081; x_wconf 88' lang='lat' dir='ltr'><strong>Hunc</strong></span> <span class='ocrx_word' id='word_1_471' title='bbox 3129 4021 3387 4082; x_wconf 89' lang='lat' dir='ltr'><strong>modum</strong></span> <span class='ocrx_word' id='word_1_472' title='bbox 3444 4022 3627 4102; x_wconf 89' lang='lat' dir='ltr'><strong>ponit</strong></span> <span class='ocrx_word' id='word_1_473' title='bbox 3676 4024 3775 4085; x_wconf 90' lang='lat' dir='ltr'><strong>vir</strong></span> <span class='ocrx_word' id='word_1_474' title='bbox 3821 4043 3955 4086; x_wconf 90' lang='lat' dir='ltr'><strong>ma-</strong></span> 
     </span>
     <span class='ocr_line' id='line_1_77' title="bbox 2456 4116 3957 4199; baseline 0.003 -19"><span class='ocrx_word' id='word_1_475' title='bbox 2456 4136 2620 4199; x_wconf 90' lang='lat' dir='ltr'><strong>gnus</strong></span> <span class='ocrx_word' id='word_1_476' title='bbox 2669 4116 2729 4178; x_wconf 89' lang='lat' dir='ltr'><strong>S.</strong></span> <span class='ocrx_word' id='word_1_477' title='bbox 2782 4116 3078 4178; x_wconf 85' lang='lat' dir='ltr'><strong>Hilarius.</strong></span> <span class='ocrx_word' id='word_1_478' title='bbox 3134 4117 3551 4181; x_wconf 88' lang='lat' dir='ltr'><strong>Damascenus</strong></span> <span class='ocrx_word' id='word_1_479' title='bbox 3600 4121 3689 4182; x_wconf 87' lang='lat' dir='ltr'><strong>ait</strong></span> <span class='ocrx_word' id='word_1_480' title='bbox 3738 4141 3957 4185; x_wconf 87' lang='lat' dir='ltr'><strong>unam·</strong></span> 
     </span>
    </p>
   </div>
   <div class='ocr_carea' id='block_1_19' title="bbox 855 4215 3955 4298">
    <p class='ocr_par' dir='ltr' id='par_1_22' title="bbox 855 4215 3955 4298">
     <span class='ocr_line' id='line_1_78' title="bbox 855 4215 3955 4298; baseline 0.002 -20"><span class='ocrx_word' id='word_1_481' title='bbox 855 4236 1057 4298; x_wconf 89' lang='lat' dir='ltr'><strong>quum</strong></span> <span class='ocrx_word' id='word_1_482' title='bbox 1089 4215 1421 4297; x_wconf 87' lang='lat' dir='ltr'><strong>Philippus</strong></span> <span class='ocrx_word' id='word_1_483' title='bbox 1453 4216 1704 4292; x_wconf 86' lang='lat' dir='ltr'><strong>dixerit,</strong></span> <span class='ocrx_word' id='word_1_484' title='bbox 1739 4217 2007 4280; x_wconf 85' lang='lat' dir='ltr'><strong>Ostende</strong></span> <span class='ocrx_word' id='word_1_485' title='bbox 2039 4220 2223 4283; x_wconf 89' lang='lat' dir='ltr'><strong>nobis</strong></span> <span class='ocrx_word' id='word_1_486' title='bbox 2254 4220 2349 4282; x_wconf 92' lang='lat' dir='ltr'><strong>Pa·</strong></span> <span class='ocrx_word' id='word_1_487' title='bbox 2382 4219 2430 4282; x_wconf 92' lang='lat' dir='ltr'>D</span> <span class='ocrx_word' id='word_1_488' title='bbox 2460 4235 2783 4298; x_wconf 86' lang='lat' dir='ltr'><strong>quamque</strong></span> <span class='ocrx_word' id='word_1_489' title='bbox 2828 4215 3110 4279; x_wconf 85' lang='lat' dir='ltr'><strong>divinam</strong></span> <span class='ocrx_word' id='word_1_490' title='bbox 3159 4215 3491 4280; x_wconf 90' lang='lat' dir='ltr'><strong>Personam</strong></span> <span class='ocrx_word' id='word_1_491' title='bbox 3534 4237 3673 4282; x_wconf 88' lang='lat' dir='ltr'><strong>esse</strong></span> <span class='ocrx_word' id='word_1_492' title='bbox 3718 4222 3783 4283; x_wconf 87' lang='lat' dir='ltr'><strong>in</strong></span> <span class='ocrx_word' id='word_1_493' title='bbox 3826 4223 3955 4285; x_wconf 84' lang='lat' dir='ltr'><strong>alia</strong></span> 
     </span>
    </p>
   </div>
   <div class='ocr_carea' id='block_1_20' title="bbox 854 4313 2355 5380">
    <p class='ocr_par' dir='ltr' id='par_1_23' title="bbox 854 4313 2355 5380">
     <span class='ocr_line' id='line_1_79' title="bbox 856 4313 2351 4398; baseline 0.003 -21"><span class='ocrx_word' id='word_1_494' title='bbox 856 4323 1040 4388; x_wconf 90' lang='lat' dir='ltr'><strong>trem,</strong></span> <span class='ocrx_word' id='word_1_495' title='bbox 1094 4334 1208 4377; x_wconf 91' lang='lat' dir='ltr'><strong>cur</strong></span> <span class='ocrx_word' id='word_1_496' title='bbox 1266 4313 1552 4377; x_wconf 88' lang='lat' dir='ltr'><strong>Christus</strong></span> <span class='ocrx_word' id='word_1_497' title='bbox 1600 4315 1884 4398; x_wconf 88' lang='lat' dir='ltr'><strong>increpat</strong></span> <span class='ocrx_word' id='word_1_498' title='bbox 1941 4335 2046 4380; x_wconf 91' lang='lat' dir='ltr'><strong>eos</strong></span> <span class='ocrx_word' id='word_1_499' title='bbox 2094 4319 2173 4380; x_wconf 91' lang='lat' dir='ltr'><strong>de</strong></span> <span class='ocrx_word' id='word_1_500' title='bbox 2232 4319 2351 4382; x_wconf 90' lang='lat' dir='ltr'><strong>hoc</strong></span> 
     </span>
     <span class='ocr_line' id='line_1_80' title="bbox 854 4413 2351 4494; baseline 0.003 -20"><span class='ocrx_word' id='word_1_501' title='bbox 854 4414 1025 4494; x_wconf 89' lang='lat' dir='ltr'><strong>quod</strong></span> <span class='ocrx_word' id='word_1_502' title='bbox 1059 4413 1271 4494; x_wconf 89' lang='lat' dir='ltr'><strong>ipsum</strong></span> <span class='ocrx_word' id='word_1_503' title='bbox 1313 4413 1581 4474; x_wconf 91' lang='lat' dir='ltr'><strong>necdum</strong></span> <span class='ocrx_word' id='word_1_504' title='bbox 1625 4418 2096 4494; x_wconf 71' lang='lat' dir='ltr'><strong>cognoverunt?</strong></span> <span class='ocrx_word' id='word_1_505' title='bbox 2129 4414 2351 4478; x_wconf 90' lang='lat' dir='ltr'><strong>Dicen-</strong></span> 
     </span>
     <span class='ocr_line' id='line_1_81' title="bbox 855 4507 2350 4595; baseline 0.002 -20"><span class='ocrx_word' id='word_1_506' title='bbox 855 4513 1006 4575; x_wconf 90' lang='lat' dir='ltr'><strong>dum</strong></span> <span class='ocrx_word' id='word_1_507' title='bbox 1041 4512 1211 4593; x_wconf 90' lang='lat' dir='ltr'><strong>quod</strong></span> <span class='ocrx_word' id='word_1_508' title='bbox 1253 4511 1415 4586; x_wconf 80' lang='lat' dir='ltr'><strong>ideo,</strong></span> <span class='ocrx_word' id='word_1_509' title='bbox 1449 4507 1753 4594; x_wconf 84' lang='lat' dir='ltr'><strong>quoniam</strong></span> <span class='ocrx_word' id='word_1_510' title='bbox 1792 4533 1980 4578; x_wconf 90' lang='lat' dir='ltr'><strong>causa</strong></span> <span class='ocrx_word' id='word_1_511' title='bbox 2019 4514 2350 4595; x_wconf 89' lang='lat' dir='ltr'><strong>ignorandi</strong></span> 
     </span>
     <span class='ocr_line' id='line_1_82' title="bbox 856 4608 2351 4694; baseline 0.002 -21"><span class='ocrx_word' id='word_1_512' title='bbox 856 4611 1099 4673; x_wconf 90' lang='lat' dir='ltr'><strong>Patrem</strong></span> <span class='ocrx_word' id='word_1_513' title='bbox 1144 4608 1268 4671; x_wconf 83' lang='lat' dir='ltr'><strong>suit</strong></span> <span class='ocrx_word' id='word_1_514' title='bbox 1311 4611 1662 4690; x_wconf 88' lang='lat' dir='ltr'><strong>ignorantia</strong></span> <span class='ocrx_word' id='word_1_515' title='bbox 1705 4611 1866 4686; x_wconf 87' lang='lat' dir='ltr'><strong>Filii,</strong></span> <span class='ocrx_word' id='word_1_516' title='bbox 1911 4615 2021 4694; x_wconf 90' lang='lat' dir='ltr'><strong>qui</strong></span> <span class='ocrx_word' id='word_1_517' title='bbox 2063 4615 2205 4678; x_wconf 92' lang='lat' dir='ltr'><strong>ideo</strong></span> <span class='ocrx_word' id='word_1_518' title='bbox 2246 4633 2351 4676; x_wconf 85' lang='lat' dir='ltr'><strong>ve-</strong></span> 
     </span>
     <span class='ocr_line' id='line_1_83' title="bbox 857 4707 2349 4776; baseline 0.003 -5"><span class='ocrx_word' id='word_1_519' title='bbox 857 4710 952 4771; x_wconf 90' lang='lat' dir='ltr'><strong>nit</strong></span> <span class='ocrx_word' id='word_1_520' title='bbox 991 4708 1055 4770; x_wconf 94' lang='lat' dir='ltr'><strong>in</strong></span> <span class='ocrx_word' id='word_1_521' title='bbox 1097 4707 1408 4769; x_wconf 92' lang='lat' dir='ltr'><strong>mundum</strong></span> <span class='ocrx_word' id='word_1_522' title='bbox 1453 4715 1520 4768; x_wconf 89' lang='lat' dir='ltr'><strong>ut</strong></span> <span class='ocrx_word' id='word_1_523' title='bbox 1559 4709 1848 4771; x_wconf 90' lang='lat' dir='ltr'><strong>homines</strong></span> <span class='ocrx_word' id='word_1_524' title='bbox 1888 4712 1962 4772; x_wconf 89' lang='lat' dir='ltr'><strong>ad</strong></span> <span class='ocrx_word' id='word_1_525' title='bbox 2005 4712 2110 4774; x_wconf 87' lang='lat' dir='ltr'><strong>Dei</strong></span> <span class='ocrx_word' id='word_1_526' title='bbox 2154 4712 2349 4776; x_wconf 88' lang='lat' dir='ltr'><strong>Patris</strong></span> 
     </span>
     <span class='ocr_line' id='line_1_84' title="bbox 856 4805 2352 4888; baseline 0.002 -17"><span class='ocrx_word' id='word_1_527' title='bbox 856 4806 1281 4888; x_wconf 85' lang='lat' dir='ltr'><strong>cognitionem</strong></span> <span class='ocrx_word' id='word_1_528' title='bbox 1327 4805 1702 4885; x_wconf 90' lang='lat' dir='ltr'><strong>perduceret</strong></span> <span class='ocrx_word' id='word_1_529' title='bbox 1727 4805 1933 4884; x_wconf 86' lang='lat' dir='ltr'><strong>(juxta</strong></span> <span class='ocrx_word' id='word_1_530' title='bbox 1977 4807 2134 4870; x_wconf 92' lang='lat' dir='ltr'><strong>illud</strong></span> <span class='ocrx_word' id='word_1_531' title='bbox 2174 4811 2352 4873; x_wconf 90' lang='lat' dir='ltr'><strong>Joan-</strong></span> 
     </span>
     <span class='ocr_line' id='line_1_85' title="bbox 859 4902 2353 4983; baseline 0.003 -15"><span class='ocrx_word' id='word_1_532' title='bbox 859 4907 958 4968; x_wconf 90' lang='lat' dir='ltr'><strong>nis</strong></span> <span class='ocrx_word' id='word_1_533' title='bbox 993 4925 1006 4969; x_wconf 90' lang='lat'>:</span> <span class='ocrx_word' id='word_1_534' title='bbox 1040 4904 1289 4967; x_wconf 92' lang='lat' dir='ltr'><strong>Scimus</strong></span> <span class='ocrx_word' id='word_1_535' title='bbox 1327 4903 1630 4983; x_wconf 88' lang='lat' dir='ltr'><strong>quoniam</strong></span> <span class='ocrx_word' id='word_1_536' title='bbox 1669 4902 1866 4965; x_wconf 88' lang='lat' dir='ltr'><strong>Filius</strong></span> <span class='ocrx_word' id='word_1_537' title='bbox 1906 4904 2012 4967; x_wconf 89' lang='lat' dir='ltr'><strong>Dei</strong></span> <span class='ocrx_word' id='word_1_538' title='bbox 2056 4908 2248 4983; x_wconf 90' lang='lat' dir='ltr'><strong>venit,</strong></span> <span class='ocrx_word' id='word_1_539' title='bbox 2290 4918 2353 4972; x_wconf 91' lang='lat' dir='ltr'><strong>et</strong></span> 
     </span>
     <span class='ocr_line' id='line_1_86' title="bbox 858 5003 2352 5083; baseline 0.001 -16"><span class='ocrx_word' id='word_1_540' title='bbox 858 5005 1031 5068; x_wconf 90' lang='lat' dir='ltr'><strong>dedit</strong></span> <span class='ocrx_word' id='word_1_541' title='bbox 1077 5003 1262 5066; x_wconf 90' lang='lat' dir='ltr'><strong>nobis</strong></span> <span class='ocrx_word' id='word_1_542' title='bbox 1311 5019 1592 5074; x_wconf 91' lang='lat' dir='ltr'><strong>sensum,</strong></span> <span class='ocrx_word' id='word_1_543' title='bbox 1637 5010 1706 5064; x_wconf 92' lang='lat' dir='ltr'><strong>ut</strong></span> <span class='ocrx_word' id='word_1_544' title='bbox 1753 5021 2207 5083; x_wconf 85' lang='lat' dir='ltr'><strong>cognoscamus</strong></span> <span class='ocrx_word' id='word_1_545' title='bbox 2246 5025 2352 5069; x_wconf 82' lang='lat' dir='ltr'><strong>ve-</strong></span> 
     </span>
     <span class='ocr_line' id='line_1_87' title="bbox 860 5099 2353 5184; baseline 0.001 -18"><span class='ocrx_word' id='word_1_546' title='bbox 860 5123 1004 5166; x_wconf 91' lang='lat' dir='ltr'><strong>rum</strong></span> <span class='ocrx_word' id='word_1_547' title='bbox 1051 5099 1316 5181; x_wconf 88' lang='lat' dir='ltr'><strong>Deum);</strong></span> <span class='ocrx_word' id='word_1_548' title='bbox 1365 5108 1426 5161; x_wconf 90' lang='lat' dir='ltr'><strong>et</strong></span> <span class='ocrx_word' id='word_1_549' title='bbox 1472 5101 1624 5182; x_wconf 89' lang='lat' dir='ltr'><strong>quia</strong></span> <span class='ocrx_word' id='word_1_550' title='bbox 1672 5119 1786 5182; x_wconf 92' lang='lat' dir='ltr'><strong>per</strong></span> <span class='ocrx_word' id='word_1_551' title='bbox 1825 5101 1993 5164; x_wconf 90' lang='lat' dir='ltr'><strong>idem</strong></span> <span class='ocrx_word' id='word_1_552' title='bbox 2037 5111 2132 5164; x_wconf 89' lang='lat' dir='ltr'><strong>est</strong></span> <span class='ocrx_word' id='word_1_553' title='bbox 2180 5105 2353 5184; x_wconf 88' lang='lat' dir='ltr'><strong>igno-</strong></span> 
     </span>
     <span class='ocr_line' id='line_1_88' title="bbox 860 5197 2355 5282; baseline 0.001 -19"><span class='ocrx_word' id='word_1_554' title='bbox 860 5219 1000 5263; x_wconf 88' lang='lat' dir='ltr'><strong>rare</strong></span> <span class='ocrx_word' id='word_1_555' title='bbox 1037 5199 1268 5263; x_wconf 85' lang='lat' dir='ltr'><strong>Filium</strong></span> <span class='ocrx_word' id='word_1_556' title='bbox 1308 5206 1370 5260; x_wconf 92' lang='lat' dir='ltr'><strong>et</strong></span> <span class='ocrx_word' id='word_1_557' title='bbox 1407 5197 1673 5261; x_wconf 89' lang='lat' dir='ltr'><strong>Patrem.</strong></span> <span class='ocrx_word' id='word_1_558' title='bbox 1703 5199 1964 5282; x_wconf 90' lang='lat' dir='ltr'><strong>Propter</strong></span> <span class='ocrx_word' id='word_1_559' title='bbox 1993 5201 2166 5282; x_wconf 90' lang='lat' dir='ltr'><strong>quod</strong></span> <span class='ocrx_word' id='word_1_560' title='bbox 2206 5202 2355 5264; x_wconf 91' lang='lat' dir='ltr'><strong>sub-</strong></span> 
     </span>
     <span class='ocr_line' id='line_1_89' title="bbox 860 5299 2353 5380; baseline 0.001 -18"><span class='ocrx_word' id='word_1_561' title='bbox 860 5299 1032 5362; x_wconf 91' lang='lat' dir='ltr'><strong>ditur</strong></span> <span class='ocrx_word' id='word_1_562' title='bbox 1064 5318 1079 5362; x_wconf 87' lang='lat'><strong>:</strong></span> <span class='ocrx_word' id='word_1_563' title='bbox 1112 5299 1446 5375; x_wconf 77' lang='lat' dir='ltr'><strong>Philippe,</strong></span> <span class='ocrx_word' id='word_1_564' title='bbox 1476 5301 1594 5377; x_wconf 81' lang='lat' dir='ltr'><strong>qui</strong></span> <span class='ocrx_word' id='word_1_565' title='bbox 1622 5301 1794 5360; x_wconf 77' lang='lat' dir='ltr'><strong>videt</strong></span> <span class='ocrx_word' id='word_1_566' title='bbox 1825 5319 1940 5368; x_wconf 85' lang='lat' dir='ltr'><strong>me,</strong></span> <span class='ocrx_word' id='word_1_567' title='bbox 1970 5300 2032 5361; x_wconf 93' lang='lat' dir='ltr'><strong>id</strong></span> <span class='ocrx_word' id='word_1_568' title='bbox 2063 5307 2183 5380; x_wconf 86' lang='lat' dir='ltr'><strong>est,</strong></span> <span class='ocrx_word' id='word_1_569' title='bbox 2206 5317 2353 5363; x_wconf 91' lang='lat' dir='ltr'><strong>vere</strong></span> 
     </span>
    </p>
   </div>
   <div class='ocr_carea' id='block_1_21' title="bbox 2458 4315 3963 5389">
    <p class='ocr_par' dir='ltr' id='par_1_24' title="bbox 2458 4315 3963 5389">
     <span class='ocr_line' id='line_1_90' title="bbox 2462 4315 3954 4401; baseline 0.006 -25"><span class='ocrx_word' id='word_1_570' title='bbox 2462 4335 2575 4398; x_wconf 89' lang='lat' dir='ltr'><strong>per</strong></span> <span class='ocrx_word' id='word_1_571' title='bbox 2606 4315 3287 4378; x_wconf 89' lang='lat' dir='ltr'><strong>circumincessionem.</strong></span> <span class='ocrx_word' id='word_1_572' title='bbox 3314 4316 3577 4399; x_wconf 84' lang='lat' dir='ltr'><strong>insuper</strong></span> <span class='ocrx_word' id='word_1_573' title='bbox 3610 4319 3820 4401; x_wconf 89' lang='lat' dir='ltr'><strong>palam</strong></span> <span class='ocrx_word' id='word_1_574' title='bbox 3853 4331 3954 4384; x_wconf 88' lang='lat' dir='ltr'><strong>est</strong></span> 
     </span>
     <span class='ocr_line' id='line_1_91' title="bbox 2460 4413 3951 4496; baseline 0.005 -20"><span class='ocrx_word' id='word_1_575' title='bbox 2460 4415 2630 4496; x_wconf 90' lang='lat' dir='ltr'><strong>quod</strong></span> <span class='ocrx_word' id='word_1_576' title='bbox 2678 4413 2855 4475; x_wconf 90' lang='lat' dir='ltr'><strong>Pater</strong></span> <span class='ocrx_word' id='word_1_577' title='bbox 2902 4421 2999 4474; x_wconf 89' lang='lat' dir='ltr'><strong>est</strong></span> <span class='ocrx_word' id='word_1_578' title='bbox 3036 4413 3100 4474; x_wconf 90' lang='lat' dir='ltr'><strong>in</strong></span> <span class='ocrx_word' id='word_1_579' title='bbox 3154 4413 3309 4478; x_wconf 86' lang='lat' dir='ltr'><strong>Filio</strong></span> <span class='ocrx_word' id='word_1_580' title='bbox 3354 4413 3519 4477; x_wconf 87' lang='lat' dir='ltr'><strong>sicut</strong></span> <span class='ocrx_word' id='word_1_581' title='bbox 3561 4415 3625 4478; x_wconf 93' lang='lat' dir='ltr'><strong>in</strong></span> <span class='ocrx_word' id='word_1_582' title='bbox 3676 4421 3951 4483; x_wconf 88' lang='lat' dir='ltr'><strong>naturali</strong></span> 
     </span>
     <span class='ocr_line' id='line_1_92' title="bbox 2462 4511 3952 4597; baseline 0.004 -22"><span class='ocrx_word' id='word_1_583' title='bbox 2462 4513 2735 4593; x_wconf 87' lang='lat' dir='ltr'><strong>imagine</strong></span> <span class='ocrx_word' id='word_1_584' title='bbox 2778 4511 3023 4573; x_wconf 86' lang='lat' dir='ltr'><strong>Patrem</strong></span> <span class='ocrx_word' id='word_1_585' title='bbox 3075 4511 3353 4594; x_wconf 87' lang='lat' dir='ltr'><strong>perfecte</strong></span> <span class='ocrx_word' id='word_1_586' title='bbox 3402 4525 3895 4595; x_wconf 81' lang='lat' dir='ltr'><strong>repraesentante</strong></span> <span class='ocrx_word' id='word_1_587' title='bbox 3934 4539 3952 4597; x_wconf 90' lang='lat'>;</span> 
     </span>
     <span class='ocr_line' id='line_1_93' title="bbox 2460 4609 3957 4699; baseline 0.007 -27"><span class='ocrx_word' id='word_1_588' title='bbox 2460 4611 2655 4672; x_wconf 88' lang='lat' dir='ltr'><strong>Filius</strong></span> <span class='ocrx_word' id='word_1_589' title='bbox 2687 4627 2939 4691; x_wconf 90' lang='lat' dir='ltr'><strong>quoque</strong></span> <span class='ocrx_word' id='word_1_590' title='bbox 2970 4609 3037 4672; x_wconf 92' lang='lat' dir='ltr'><strong>in</strong></span> <span class='ocrx_word' id='word_1_591' title='bbox 3068 4610 3245 4673; x_wconf 88' lang='lat' dir='ltr'><strong>Patre</strong></span> <span class='ocrx_word' id='word_1_592' title='bbox 3275 4619 3569 4692; x_wconf 80' lang='lat' dir='ltr'><strong>tanquam</strong></span> <span class='ocrx_word' id='word_1_593' title='bbox 3601 4614 3665 4676; x_wconf 91' lang='lat' dir='ltr'><strong>in</strong></span> <span class='ocrx_word' id='word_1_594' title='bbox 3700 4619 3957 4699; x_wconf 88' lang='lat' dir='ltr'><strong>proprio</strong></span> 
     </span>
     <span class='ocr_line' id='line_1_94' title="bbox 2461 4708 3959 4792; baseline 0.005 -19"><span class='ocrx_word' id='word_1_595' title='bbox 2461 4710 2978 4791; x_wconf 89' lang='lat' dir='ltr'><strong>sempiternoque</strong></span> <span class='ocrx_word' id='word_1_596' title='bbox 3025 4708 3220 4784; x_wconf 84' lang='lat' dir='ltr'><strong>sonte,</strong></span> <span class='ocrx_word' id='word_1_597' title='bbox 3272 4729 3309 4771; x_wconf 90' lang='lat' dir='ltr'><strong>a</strong></span> <span class='ocrx_word' id='word_1_598' title='bbox 3353 4729 3483 4792; x_wconf 91' lang='lat' dir='ltr'><strong>quo</strong></span> <span class='ocrx_word' id='word_1_599' title='bbox 3531 4713 3959 4780; x_wconf 87' lang='lat' dir='ltr'><strong>immanenter</strong></span> 
     </span>
     <span class='ocr_line' id='line_1_95' title="bbox 2460 4806 3961 4890; baseline 0.005 -19"><span class='ocrx_word' id='word_1_600' title='bbox 2460 4809 2802 4890; x_wconf 89' lang='lat' dir='ltr'><strong>egreditur,</strong></span> <span class='ocrx_word' id='word_1_601' title='bbox 2854 4814 2915 4868; x_wconf 92' lang='lat' dir='ltr'><strong>et</strong></span> <span class='ocrx_word' id='word_1_602' title='bbox 2965 4806 3488 4887; x_wconf 86' lang='lat' dir='ltr'><strong>inegressibiliter</strong></span> <span class='ocrx_word' id='word_1_603' title='bbox 3532 4811 3757 4874; x_wconf 88' lang='lat' dir='ltr'><strong>oritur.</strong></span> <span class='ocrx_word' id='word_1_604' title='bbox 3814 4814 3961 4878; x_wconf 91' lang='lat' dir='ltr'><strong>Cer-</strong></span> 
     </span>
     <span class='ocr_line' id='line_1_96' title="bbox 2460 4906 3963 4988; baseline 0.005 -20"><span class='ocrx_word' id='word_1_605' title='bbox 2460 4916 2597 4969; x_wconf 89' lang='lat' dir='ltr'><strong>tum</strong></span> <span class='ocrx_word' id='word_1_606' title='bbox 2642 4907 2815 4969; x_wconf 90' lang='lat' dir='ltr'><strong>enim</strong></span> <span class='ocrx_word' id='word_1_607' title='bbox 2858 4913 2954 4967; x_wconf 88' lang='lat' dir='ltr'><strong>est</strong></span> <span class='ocrx_word' id='word_1_608' title='bbox 2994 4906 3167 4987; x_wconf 89' lang='lat' dir='ltr'><strong>quod</strong></span> <span class='ocrx_word' id='word_1_609' title='bbox 3210 4907 3511 4988; x_wconf 81' lang='lat' dir='ltr'><strong>quaelibet</strong></span> <span class='ocrx_word' id='word_1_610' title='bbox 3554 4909 3773 4974; x_wconf 88' lang='lat' dir='ltr'><strong>divina</strong></span> <span class='ocrx_word' id='word_1_611' title='bbox 3815 4912 3963 4975; x_wconf 88' lang='lat' dir='ltr'><strong>Per-</strong></span> 
     </span>
     <span class='ocr_line' id='line_1_97' title="bbox 2461 5004 3955 5090; baseline 0.004 -22"><span class='ocrx_word' id='word_1_612' title='bbox 2461 5024 2615 5068; x_wconf 90' lang='lat' dir='ltr'><strong>sona</strong></span> <span class='ocrx_word' id='word_1_613' title='bbox 2646 5012 2739 5066; x_wconf 89' lang='lat' dir='ltr'><strong>est</strong></span> <span class='ocrx_word' id='word_1_614' title='bbox 2772 5004 2837 5066; x_wconf 92' lang='lat' dir='ltr'><strong>in</strong></span> <span class='ocrx_word' id='word_1_615' title='bbox 2868 5004 2989 5066; x_wconf 87' lang='lat' dir='ltr'><strong>alia</strong></span> <span class='ocrx_word' id='word_1_616' title='bbox 3028 5005 3192 5067; x_wconf 88' lang='lat' dir='ltr'><strong>sicut</strong></span> <span class='ocrx_word' id='word_1_617' title='bbox 3228 5014 3505 5069; x_wconf 86' lang='lat' dir='ltr'><strong>amatum</strong></span> <span class='ocrx_word' id='word_1_618' title='bbox 3536 5015 3599 5068; x_wconf 90' lang='lat' dir='ltr'><strong>et</strong></span> <span class='ocrx_word' id='word_1_619' title='bbox 3628 5011 3955 5090; x_wconf 89' lang='lat' dir='ltr'><strong>cognitum</strong></span> 
     </span>
     <span class='ocr_line' id='line_1_98' title="bbox 2461 5104 3959 5189; baseline 0.006 -24"><span class='ocrx_word' id='word_1_620' title='bbox 2461 5104 2525 5166; x_wconf 91' lang='lat' dir='ltr'><strong>in</strong></span> <span class='ocrx_word' id='word_1_621' title='bbox 2576 5111 2827 5165; x_wconf 89' lang='lat' dir='ltr'><strong>amante</strong></span> <span class='ocrx_word' id='word_1_622' title='bbox 2874 5109 2939 5164; x_wconf 91' lang='lat' dir='ltr'><strong>et</strong></span> <span class='ocrx_word' id='word_1_623' title='bbox 2984 5111 3423 5183; x_wconf 88' lang='lat' dir='ltr'><strong>cognoscente.</strong></span> <span class='ocrx_word' id='word_1_624' title='bbox 3466 5104 3585 5167; x_wconf 90' lang='lat' dir='ltr'><strong>Sed</strong></span> <span class='ocrx_word' id='word_1_625' title='bbox 3632 5109 3787 5189; x_wconf 90' lang='lat' dir='ltr'><strong>quia</strong></span> <span class='ocrx_word' id='word_1_626' title='bbox 3834 5110 3959 5174; x_wconf 87' lang='lat' dir='ltr'><strong>hoc</strong></span> 
     </span>
     <span class='ocr_line' id='line_1_99' title="bbox 2458 5201 3959 5283; baseline 0.007 -19"><span class='ocrx_word' id='word_1_627' title='bbox 2458 5202 2687 5264; x_wconf 89' lang='lat' dir='ltr'><strong>creatis</strong></span> <span class='ocrx_word' id='word_1_628' title='bbox 2736 5201 3326 5283; x_wconf 82' lang='lat' dir='ltr'><strong>praedestinatisque</strong></span> <span class='ocrx_word' id='word_1_629' title='bbox 3362 5203 3687 5267; x_wconf 91' lang='lat' dir='ltr'><strong>mentibus</strong></span> <span class='ocrx_word' id='word_1_630' title='bbox 3726 5216 3791 5270; x_wconf 83' lang='lat' dir='ltr'><strong>et</strong></span> <span class='ocrx_word' id='word_1_631' title='bbox 3830 5209 3959 5274; x_wconf 83' lang='lat' dir='ltr'><strong>Deo</strong></span> 
     </span>
     <span class='ocr_line' id='line_1_100' title="bbox 2459 5299 3955 5389; baseline 0.005 -25"><span class='ocrx_word' id='word_1_632' title='bbox 2459 5319 2800 5365; x_wconf 91' lang='lat' dir='ltr'><strong>commune</strong></span> <span class='ocrx_word' id='word_1_633' title='bbox 2872 5308 2987 5376; x_wconf 89' lang='lat' dir='ltr'><strong>est,</strong></span> <span class='ocrx_word' id='word_1_634' title='bbox 3058 5299 3294 5364; x_wconf 90' lang='lat' dir='ltr'><strong>idcirco</strong></span> <span class='ocrx_word' id='word_1_635' title='bbox 3368 5301 3705 5367; x_wconf 90' lang='lat' dir='ltr'><strong>dicendum</strong></span> <span class='ocrx_word' id='word_1_636' title='bbox 3776 5311 3955 5389; x_wconf 89' lang='lat' dir='ltr'><strong>quod</strong></span> 
     </span>
    </p>
   </div>
   <div class='ocr_carea' id='block_1_22' title="bbox 4082 3241 4149 3296">
    <p class='ocr_par' dir='ltr' id='par_1_25' title="bbox 4082 3241 4149 3296">
     <span class='ocr_line' id='line_1_101' title="bbox 4082 3241 4149 3296; baseline 0 0"><span class='ocrx_word' id='word_1_637' title='bbox 4082 3241 4149 3296; x_wconf 75' lang='lat'><strong>10</strong></span> 
     </span>
    </p>
   </div>
  </div>
 </body>
</html>
