4300 6259
571 791 650 835 Pe.
667 806 711 843 x,
729 793 770 837 ⁵.

581 985 596 1029 l
619 986 722 1029 Cor.
743 1000 801 1038 m,

537 1051 603 1099 16,
627 1051 694 1092 17.

555 1486 723 1530 Coloe-2.
739 1500 796 1537 ιιι,

537 1552 594 1599 Ως
632 1549 794 1604 Ephe-2.

533 1626 591 1665 lv,
612 1614 676 1664 22,
693 1614 761 1655 2³.

563 2370 664 2414 Len.
689 2383 801 2421 xxvi,

540 2437 614 2487 ης
642 2433 676 2478 ll
699 2433 804 2478 Cor.

539 2511 595 2549 vi,
618 2499 684 2539 ¹⁶.

559 2569 638 2613 Pe.
651 2582 746 2619 cxx,
761 2572 801 2611 8.

539 2764 802 2821 illico-vim.

555 2960 690 3006 Ιοειιο
705 2976 735 3014 ι,
749 2964 790 3005 9.

630 3240 703 3296 24

541 4142 622 4186 Pe.
639 4155 726 4194 ut,
742 4146 808 4187 ¹⁷.

581 4240 662 4285 Pe.
684 4254 809 4295 cxvii,

544 4304 611 4346 ¹2.

827 484 947 551 470

1595 506 1945 554 malumno
1988 506 2051 552 IN
2093 505 2231 553 CAP.
2278 506 2319 551 X
2359 504 2635 553 somma.
2682 525 2762 536 —
2806 506 2949 553 ΛΒΤ.
2996 506 3167 554 xxvn

828 676 1108 758 populus
1163 696 1344 741 orare
1401 677 1662 752 solebat,
1713 676 2078 739 ambulabat
2121 676 2321 750 Jesus,
2356 673 2407 735 A
2510 676 2705 741 Judaei
2766 678 2870 741 isti
2928 680 3209 742 carnales
3266 680 3810 761 praestolabantur,
3864 688 3925 742 et

829 776 908 837 de
963 795 1093 857 quo
1151 783 1478 839 cantamus
1533 796 1546 839 :
1599 776 1902 839 Dominus
1961 777 2027 838 in
2087 775 2325 857 templo

829 883 1046 938 sancto
1089 894 1226 938 suo.
1259 911 1339 922 —
1370 874 1575 937 Simili
1621 876 1828 949 modo,
1863 876 1916 936 si
1964 876 2175 937 anima
2218 894 2328 938 no-

831 980 979 1048 stra,
1031 993 1174 1055 quae
1232 980 1326 1036 est
1384 974 1696 1055 templum
1756 972 2030 1056 Spiritus
2087 972 2321 1047 Sancti,

829 1080 970 1153 agat
1026 1072 1340 1147 Encaenia,
1395 1073 1458 1135 id
1508 1081 1603 1135 est
1659 1072 2321 1135 commemorationem

830 1179 892 1233 et
941 1170 1411 1235 innovationem
1465 1170 1954 1235 consecrationis
2005 1190 2155 1245 suae,
2199 1189 2325 1251 qua

829 1270 898 1331 in
947 1270 1120 1333 fonte
1173 1270 1473 1353 Baptismi
1525 1271 1807 1333 dedicata
1853 1278 1914 1333 et
1963 1277 2325 1332 consecrata

828 1376 923 1429 est
971 1368 1116 1443 Deo,
1163 1387 1238 1431 eo
1287 1370 1474 1432 modo
1521 1387 1650 1449 quo
1701 1375 1912 1432 monet
1959 1367 2319 1450 Apostolus,

829 1467 1185 1549 Exspoliate
1215 1486 1326 1531 vos
1357 1476 1634 1531 veterem
1676 1468 1999 1531 hominem
2039 1486 2185 1529 cum
2225 1485 2325 1528 ac-

828 1565 999 1627 tibus
1049 1566 1203 1639 suis,
1257 1572 1318 1627 et
1370 1566 1763 1629 renovamini
1813 1566 2040 1647 spiritu
2091 1564 2323 1627 mentis

828 1672 1094 1745 vestrae3
1136 1664 1490 1726 ambulabit
1517 1665 1695 1727 Jesus
1727 1664 1792 1726 in
1834 1664 2160 1726 intellectu
2198 1662 2327 1724 ani—

827 1782 968 1836 mae,
999 1762 1112 1844 qui
1157 1769 1252 1824 est
1296 1763 1578 1844 porticus
1623 1762 1756 1825 veri
1807 1762 2181 1835 SalomoniS,
2226 1767 2324 1822 ut·-

2435 777 2669 857 posteri
2706 795 2928 840 eorum
2964 778 3297 859 hucusque
3333 788 3721 861 exspectant,
3754 780 3925 843 Chri-

2434 883 2599 937 stum
2649 876 2713 937 in
2761 875 2970 957 primo
3008 895 3123 940 suo
3161 879 3437 940 adventu
3476 880 3569 941 sic
3605 878 3915 951 futurum,

2433 973 2605 1054 quod
2659 981 2826 1036 esset
2882 992 2991 1036 rex
3051 976 3529 1057 potentissimus
3587 984 3649 1038 et
3697 976 3919 1039 mundi

2433 1072 2797 1147 monarcha,
2831 1080 3023 1154 atque
3054 1074 3267 1136 omnia
3296 1092 3488 1155 regna
3518 1074 3919 1155 subjecturus
4287 1128 4288 1139 i

2431 1170 2661 1232 Judaeis
2712 1189 2725 1231 :
2778 1170 3121 1251 allegantes
3180 1173 3338 1234 illud
3398 1173 3592 1247 Isaiae,
3640 1172 3799 1236 Gens
3858 1182 3919 1235 et
3962 1191 4221 1241 [ιω-,ιι
4287 1176 4288 1213 l

2436 1284 2702 1347 regnum
2746 1270 2917 1349 quod
2966 1288 3090 1332 non
3142 1270 3433 1333 servierit
3469 1270 3609 1345 tibi,
3644 1271 3917 1353 per-ibin
4287 1276 4288 1343 j

2436 1372 2496 1427 et
2536 1365 2695 1428 illud
2732 1366 3027 1443 DanieliS‚
3060 1367 3291 1431 Omnes
3333 1370 3576 1451 populi,
3610 1370 3811 1432 tribus
3856 1378 3917 1431 et
3946 1389 4241 1435 ommia

2435 1463 2668 1545 linguae
2698 1466 2975 1528 servient
3005 1466 3062 1528 ei
3088 1486 3104 1547 3
3138 1468 3296 1529 illud
3326 1486 3583 1549 quoque
3612 1468 3919 1531 Zachariae

2438 1564 2782 1645 prophetae,
2816 1564 3091 1626 Potestas
3134 1565 3273 1646 ejus
3316 1585 3353 1627 a
3400 1566 3555 1627 mari
3604 1584 3801 1649 usque
3840 1570 3920 1631 ad
3948 1587 4238 1637 lacunae.
4287 1628 4288 1639 ,

2438 1680 2609 1723 mare
2662 1682 2675 1723 :
2728 1662 2829 1725 cui
2882 1671 3186 1727 consonat
3230 1664 3388 1726 illud
3437 1663 3795 1741 Psalmistae,
3850 1666 3923 1729 Et
3948 1688 4039 1730 1²³.
4058 1702 4177 1731 ψ..
4196 1692 4238 1728 ιι..
4287 1714 4288 1735 ι

2437 1760 2867 1823 dominabitur
2903 1779 2940 1822 a
2976 1762 3135 1823 mari
3182 1781 3387 1844 usque
3428 1764 3505 1825 ad
3549 1783 3741 1839 mare,
3781 1774 3845 1827 et
3886 1785 3923 1827 a

828 1869 973 1944 pote
1012 1861 1265 1937 Christi,
1312 1862 1464 1942 quia
1506 1862 1571 1923 in
1621 1861 1947 1924 intellectu
1991 1868 2085 1923 est
2123 1860 2323 1923 oratio
2365 1858 2409 1920 B
2438 1858 2709 1921 flumine
2758 1878 2962 1941 usque
3019 1861 3097 1922 ad
3159 1862 3460 1925 terminos
3511 1862 3681 1926 orbis
3732 1872 3924 1925 terra-

827 1960 1115 2033 interior,
1164 1978 1293 2041 quo
1340 1960 1554 2023 anima
1599 1960 1851 2023 invocat
1893 1958 2128 2021 lesum.
2178 1959 2325 2020 Am-

827 2058 1007 2121 bulat
1054 2068 1265 2120 autem
1306 2058 1484 2121 lesus
1537 2059 1600 2121 in
1649 2059 1882 2133 anima,
1927 2060 2074 2121 dum
2127 2057 2194 2119 in
2240 2057 2326 2119 la-

827 2156 1103 2219 titudine
1152 2156 1427 2219 caritatis
1474 2156 1874 2219 familiariter
1915 2163 2327 2219 conversatur

830 2263 894 2319 et
921 2261 1220 2338 operatur
1259 2256 1325 2318 in
1357 2274 1449 2329 ea,
1485 2256 1648 2319 sicut
1690 2274 1802 2337 per
1830 2254 2078 2338 Moysen
2120 2254 2327 2336 loqui-

830 2362 936 2416 tur
971 2372 984 2416 ε
1019 2353 1175 2427 Quia
1212 2353 1580 2417 inhabitabo
1619 2362 1681 2415 et
1717 2354 2057 2417 ambulabo
2097 2354 2163 2415 in
2208 2354 2321 2415 εἰς.

832 2451 1118 2533 Denique
1175 2451 1338 2513 Deus
1395 2450 1746 2513 immensus
1795 2458 1856 2513 et
1915 2452 2327 2513 incommuta-

833 2550 980 2612 bilis
1049 2550 1254 2631 pergit
1319 2548 1674 2624 nobiscum,
1734 2551 1990 2631 quando
2053 2548 2327 2611 custodit

831 2646 1161 2733 introitum
1203 2654 1266 2709 et
1295 2647 1535 2709 exitum
1577 2656 1884 2723 nostrum,
1919 2647 2333 2729 quemadmoss

833 2749 986 2810 dum
1035 2746 1122 2809 ait
1167 2748 1242 2808 ad
1293 2745 1487 2808 David
1531 2765 1545 2808 :
1589 2746 1702 2808 Fui
1755 2755 1961 2809 tecum
2013 2747 2076 2808 in
2123 2746 2328 2809 omni-

833 2846 976 2920 bus,
1025 2846 1414 2926 ubicumque
1454 2845 1829 2925 ambulasti3
1872 2853 1934 2907 et
1972 2846 2047 2907 ad
2086 2846 2273 2908 Josue
2308 2864 2321 2907 :

833 2944 970 3009 Noli
1029 2944 1273 3019 timere,
1336 2944 1637 3025 quoniam
1695 2952 1905 3006 tecum
1965 2952 2060 3005 est
2119 2944 2327 3006 Domi-

2438 1977 2602 2020 rum.
2636 1957 2700 2020 Si
2742 1975 2889 2037 ergo
2926 1958 3104 2021 Jesus
3145 1968 3359 2049 aperte
3398 1960 3660 2040 dixisset
3687 1980 3757 2024 se
3784 1980 3925 2024 esse

2435 2056 2778 2129 Christum,
2822 2056 3033 2118 statim
3076 2065 3479 2121 accusassent
3519 2077 3664 2121 eum
3700 2060 3922 2132 Judaei,

2436 2162 2506 2216 ut
2532 2161 2815 2236 apparet,
2849 2155 3020 2236 apud
3049 2155 3339 2227 Pilatum,
3375 2164 3672 2238 tanquam
3714 2160 3931 2221 adver·

2435 2252 2671 2314 sarium
2723 2253 2979 2316 Caesaris
3024 2262 3087 2315 et
3129 2253 3577 2335 Romanorum,
3616 2258 3728 2338 qui
3772 2266 3926 2321 tunc

2436 2352 2656 2413 mundi
2710 2353 3139 2415 monarchiam
3177 2353 3497 2416 tenebant.
3541 2353 3602 2417 Si
3645 2373 3793 2419 vero
3830 2357 3927 2419 di-

2436 2458 2607 2512 ceret
2643 2452 2814 2531 quod
2855 2469 3002 2525 non,
3038 2459 3435 2532 opponerent
3472 2452 3531 2514 ei
3576 2455 3745 2535 quod
3786 2474 3926 2536 pro-

2437 2548 2595 2631 priis
2628 2548 3078 2611 contradiceret
3107 2549 3333 2611 verbis
3355 2549 3734 2632 Frequenter
3764 2554 3925 2615 enim

2438 2647 2787 2709 insinuavit
2824 2665 2892 2708 se
2928 2666 3067 2709 esse
3108 2647 3445 2710 Christum.
3484 2648 3601 2711 Sed
3644 2650 3927 2714 Christus

2438 2746 2748 2827 sapientia
2790 2744 3007 2819 PatriS,
3056 2747 3244 2808 corda
3290 2746 3731 2812 universorum
3780 2770 4224 2814 con-waram

2438 2844 2737 2927 spicienS‚
2772 2851 2837 2906 et
2876 2843 3300 2907 intentionum
3344 2845 3671 2922 discretor,
3716 2867 3928 2911 secun·
3952 2838 4143 2941 ‘³hdr·
4172 2912 4219 2938 Ι,

2439 2943 2590 3004 dum
2634 2942 3028 3024 Apostolum,
3080 2942 3173 3004 sic
3216 2950 3525 3025 temperat
3575 2947 4029 3028 responsio—¹2-
4220 2930 4233 2945 ⁹

835 3063 955 3106 nus
987 3043 1148 3105 Deus
1179 3050 1327 3104 tuus
1358 3042 1423 3104 in
1467 3042 1767 3105 omnibus
1795 3044 1874 3104 ad
1903 3060 2328 3125 quaecumque
2365 3039 2409 3102 C
2440 3058 2602 3111 nem,
2622 3041 2791 3122 quod
2822 3058 3039 3103 eorum
3073 3041 3602 3105 machinationem
3630 3042 3927 3107 facillime

838 3142 1214 3225 perrexeris

919 3241 1496 3302 Circumdederunt
1522 3258 1672 3315 erqo
1700 3259 1848 3299 eum
1875 3240 2112 3300 Judoei.
2156 3238 2328 3311 Quod

836 3338 941 3401 isti
987 3338 1480 3400 circumdatores
1529 3336 1770 3399 fuerint
1817 3337 2139 3411 obstinati,
2184 3336 2333 3399 infi-

833 3437 1007 3500 deles
1058 3443 1120 3497 et
1169 3435 1446 3517 reprobi,
1481 3435 1690 3497 statim
1737 3435 1978 3518 patebit
2020 3436 2084 3497 in
2129 3443 2326 3498 textu.

835 3536 980 3599 Ideo
1038 3535 1599 3597 circumdederunt
1642 3534 1852 3596 Jesum
1913 3534 2078 3596 mala
2126 3534 2333 3596 inten-

835 3635 1028 3707 tione,
1065 3641 1135 3696 ut
1161 3632 1408 3713 aliquid
1441 3640 1734 3713 raperent
1765 3633 1842 3694 de
1871 3651 1979 3694 ore
2008 3634 2170 3713 ejus,
2204 3652 2332 3714 quo

835 3752 983 3796 eum
1037 3738 1429 3795 accusarent.
1479 3731 1658 3794 Unde
1715 3751 1861 3793 cum
1921 3732 2333 3794 multitudine

837 3840 900 3894 et
948 3832 1191 3913 impetu
1241 3838 1664 3903 accesserunt,
1711 3837 1779 3891 ut
1823 3830 2198 3893 inducerent
2237 3831 2334 3892 Je-

840 3950 981 3993 sum
1013 3931 1090 3992 ad
1121 3929 1441 3991 incautam
1472 3928 1972 4010 responsionem,
2007 3930 2187 4010 quasi
2220 3929 2335 3992 cir-

839 4034 1249 4092 cumventum
1301 4033 1492 4108 atque
1541 4026 1887 4089 turbatum.
1929 4026 2088 4089 Hinc
2129 4028 2218 4089 ait
2266 4028 2333 4089 in

837 4127 1084 4189 Psalmo
1117 4144 1130 4188 :
1165 4124 1732 4187 Circumdederunt
1760 4142 1863 4187 me
1893 4144 2078 4187 canes
2111 4126 2329 4207 multi;

2439 3140 2801 3202 demolitur.

2495 3240 2849 3315 Respondit
2876 3240 2969 3298 eis
2996 3242 3179 3298 Jesus
3200 3260 3223 3298 .·
3244 3241 3499 3317 Loquor
3531 3242 3706 3301 vobis
3732 3241 3933 3303 multa
4070 3250 4145 3304 25

2439 3337 2517 3399 dc
2556 3354 2659 3398 me
2698 3336 2857 3417 ipso,
2903 3338 3073 3417 quod
3118 3336 3237 3398 sim
3284 3334 3565 3401 Salvator
3606 3341 3825 3402 mundi
3871 3350 3935 3404 et

2439 3435 2635 3498 Filius
2680 3434 2811 3507 Dei,
2844 3434 3097 3516 aliaque
3140 3435 3408 3509 diversa,
3453 3453 3530 3497 ex
3569 3438 3807 3518 quibus
3846 3458 3937 3501 se-

2441 3532 2663 3613 quitur
2699 3533 2871 3614 quod
2910 3533 3028 3595 sim
3072 3533 3387 3610 Christus;
3420 3544 3481 3595 et
3510 3556 3643 3597 non
3672 3540 3937 3599 creditis

2443 3632 2625 3703 mihi,
2660 3633 2769 3694 sed
2809 3632 3265 3696 daemoniacum
3300 3650 3401 3694 me
3433 3634 3693 3697 vocatis.
3730 3641 3935 3714 Opera

2443 3751 2587 3810 quoe
2623 3751 2734 3808 eqo
2771 3732 2945 3808 facio
2990 3732 3060 3792 in
3108 3732 3369 3791 nomine
3405 3735 3631 3793 Patris
3674 3736 3827 3806 mei,
3872 3736 3936 3798 id

2445 3837 2540 3891 est
2588 3830 2805 3891 divina
2854 3828 3161 3890 miracula
3208 3847 3463 3892 omnem
3508 3838 3781 3894 creatam
3827 3852 3937 3915 po-

2446 3935 2734 3989 testatem
2774 3928 3159 4000 excedentia,
3194 3946 3339 4008 quae
3376 3926 3538 3991 facio
3582 3932 3934 3994 secundum

2446 4026 2665 4100 Deum,
2719 4036 2781 4089 et
2828 4026 3023 4087 Deum
3076 4025 3319 4087 Patrem
3378 4026 3753 4104 invocando,
3804 4034 3938 4093 hoec

2446 4126 2882 4185 testimonium
2906 4126 3244 4201 perhibent
3272 4127 3352 4184 de
3380 4145 3497 4197 me,
3521 4125 3642 4189 hoc
3672 4134 3785 4205 est,
3808 4147 3938 4190 ma-

839 4233 922 4300 et,
957 4222 1525 4287 Circumdederunt
1569 4240 1670 4285 me
1709 4223 1871 4285 sicut
1913 4242 2086 4304 apeS.
2123 4227 2209 4285 Ει
2237 4226 2335 4286 di·
2364 4224 2413 4286 D
2444 4219 2746 4283 nifestant
2783 4222 2955 4302 quod
2996 4222 3115 4283 sim
3157 4221 3389 4284 missus
3419 4241 3455 4283 a
3484 4222 3628 4297 Deo,
3662 4232 3731 4286 et
3764 4228 3934 4307 quod

836 4326 1060 4385 cebant
1097 4324 1182 4393 ei,
1214 4320 1396 4401 quasi
1438 4320 1766 4383 veritatem
1809 4320 1972 4382 scire
2015 4329 2327 4403 optanteS,

837 4430 900 4483 et
933 4422 1283 4494 adulanteS,
1317 4438 1520 4500 quum
1549 4426 1760 4481 tamen
1797 4419 2138 4482 insidiandi
2170 4440 2335 4503 quae-

839 4527 1052 4583 rerent
1107 4517 1501 4582 occasionem
1566 4536 1579 4579 :
1638 4520 1976 4597 Quousque
2037 4520 2333 4581 animam

833 4628 1122 4681 nostram
1163 4618 1360 4685 tollis,
1397 4614 1461 4676 id
1511 4623 1626 4690 est,
1670 4616 1859 4678 corda
1907 4624 2118 4678 nostra
2164 4615 2334 4678 affli-

830 4716 953 4799 gis,
1005 4723 1068 4778 et
1125 4714 1192 4776 in
1251 4731 1563 4795 suspenso
1610 4721 1808 4788 teneS‚
1866 4713 1994 4775 imo
2051 4732 2087 4775 a
2146 4714 2330 4777 nobis

718 4816 728 4827 '
833 4812 1301 4898 quodammodo
1357 4810 1592 4886 aufers,
1647 4813 1799 4873 dum
1854 4811 2090 4892 Jugiter
2140 4831 2329 4876 occu-

833 4921 1067 4997 pantur
1097 4911 1268 4974 circa
1306 4916 1388 4983 te,
1421 4910 1881 4974 considerando
1910 4918 1972 4972 et
2003 4910 2329 4992 inquiren-

829 5014 910 5076 do
946 5032 1025 5073 an
1069 5010 1155 5073 sis
1195 5008 1526 5073 Christus?
1567 5008 1961 5072 Desiderium
2002 5010 2175 5072 enim
2218 5029 2328 5073 no-

827 5110 1078 5172 scendae
1110 5106 1390 5171 veritatis
1423 5107 1659 5169 cruciat
1689 5115 1967 5170 mentem
1999 5126 2328 5190 quousque

829 5208 907 5270 ad
956 5206 1130 5269 illam
1170 5204 1506 5287 pertingat.
1539 5208 1621 5267 Si
1660 5215 1730 5267 tu
1762 5226 1825 5265 es
1867 5208 2182 5276 Christum
2220 5209 2328 5267 dic

829 5307 1011 5367 nobis
1043 5308 1297 5383 palam.

2446 4318 2605 4381 Deus
2663 4325 2961 4401 operetur
3018 4336 3132 4401 per
3188 4338 3311 4393 me,
3362 4327 3551 4401 atque
3610 4321 3753 4384 talis
3813 4324 3934 4387 sim

2442 4416 2695 4497 qualem
2747 4435 2848 4479 me
2896 4435 3033 4479 esse
3080 4416 3358 4481 affirmo.
3414 4417 3643 4481 Christi
3704 4438 3937 4504 nempe

2442 4515 2749 4577 miracula
2795 4515 3038 4578 fiebant
3078 4517 3155 4577 ad
3204 4535 3333 4579 suae
3382 4516 3935 4583 confirmationem

2442 4614 2767 4687 doctrinas,
2808 4621 2872 4675 et
2908 4615 2986 4676 ad
3028 4613 3538 4677 testificationem
3583 4617 3935 4680 sanctitatis

2442 4730 2573 4773 suae
2603 4712 2959 4793 praecipuae.
2976 4711 3299 4793 Tanquam
3331 4712 3598 4776 diceret:
3618 4713 3742 4778 Vos
3774 4735 3937 4798 quae-

2443 4809 2579 4871 ritis
2609 4828 2688 4871 an
2729 4810 2848 4871 sim
2887 4810 3191 4885 Christus,
3225 4810 3407 4891 quasi
3440 4812 3637 4893 parati
3678 4815 3933 4876 credere

2442 4907 2557 4971 soli
2600 4907 2793 4971 verbo
2822 4910 2991 4989 quod
3031 4909 3298 4990 loquor;
3332 4910 3442 4971 sed
3471 4927 3586 4990 ego
3623 4913 3703 4974 ad
3742 4930 3933 4994 opera

2442 5025 2551 5069 vos
2603 5006 2877 5080 remitto,
2929 5025 3073 5087 quae
3120 5006 3410 5069 firmiora
3457 5016 3607 5070 sunt
3653 5010 3861 5073 verbis
3909 5029 3923 5073 :

2438 5112 2501 5165 et
2546 5104 2850 5185 quoniam
2898 5104 3203 5186 operibus
3254 5124 3379 5167 non
3430 5106 3709 5181 creditiS,
3762 5116 3929 5190 patet

2438 5203 2609 5285 quod
2650 5220 2766 5264 nec
2797 5202 3009 5265 verbis
3048 5202 3409 5279 crederetiS,
3444 5205 3554 5266 sed
3592 5205 3807 5269 animo
3834 5226 3927 5269 ca-

2440 5299 2794 5364 lumniandi
2840 5300 3258 5384 interrogatis.
3291 5301 3434 5364 Ideo
3476 5301 3771 5365 subditur
3803 5323 3816 5367 ε
