4300 6259
519 1012 689 1056 Manli.
710 1025 753 1062 x,

515 1211 622 1253 Luc.

488 1274 556 1314 ⁵0.

639 1223 752 1260 xxm,

543 1896 714 1941 unuh.

489 1973 620 2011 xxvii,
642 1962 710 2002 57.

517 2095 665 2139 Marc.
682 2107 736 2137 xv

489 2160 559 2201 4³.

488 2903 598 2947 Luc.
640 2915 736 2945 xxm

541 2776 713 2821 Manli.

489 2853 618 2892 nvn,

489 2969 557 3010 47.

512 4846 593 4888 Pe.
615 4859 640 4888 x

577 3067 650 3124 39

584 3950 656 4007 40

667 2840 752 2890 sn

646 4847 766 4894 v,10.

781 507 904 577 598

1535 529 1885 578 mutuno
1927 529 1992 576 m
2033 531 2173 577 cn.
2219 529 2327 576 111
2366 529 2643 578 somme.
2688 551 2768 561 —
2810 531 2953 578 ΑΙΤ-
2998 531 3141 578 xlm

782 701 882 762 lus
917 720 934 763 :
977 701 1273 764 subditur
1319 701 1516 776 enim,
1547 706 1831 763 occultus
1871 712 2089 763 autem
2125 721 2279 780 pro-
2306 700 2358 761 A
2387 701 2527 783 ejus
2585 702 2932 784 sepulturas
2988 702 3393 784 obsequium.
3442 702 3635 764 Sicut
3688 704 3885 762 moris

773 807 924 875 pter
969 809 1204 862 metum
1253 803 1657 868 Judaeorum,
1697 799 2014 870 videlicet,
2069 817 2150 861 ne
2200 799 2277 861 de

783 915 1096 979 synagoga
1137 898 1584 979 expelleretur.
1627 897 1916 960 Nondum
1965 915 2115 977 ergo
2162 898 2279 958 im-

785 995 986 1076 plevit
1025 997 1197 1077 quod
1238 995 1454 1058 docuit
1487 995 1770 1058 Christus
1805 1015 1818 1058 :
1853 995 2057 1059 Nolite
2096 997 2279 1057 time-

785 1111 852 1154 re
889 1112 996 1156 cos
1033 1095 1146 1176 qui
1189 1113 1420 1176 corpus
1459 1094 1776 1157 occidunt.
1809 1095 2022 1158 Nihilo
2062 1094 2276 1156 minus

781 1191 980 1253 Lucas
1039 1193 1427 1272 evangelista
1491 1192 1770 1274 appellat
1825 1211 1972 1254 eum
2028 1193 2275 1273 justum

783 1298 845 1351 et
875 1289 1136 1353 bonum.
1170 1289 1462 1352 Nondum
1502 1291 1674 1352 enim
1715 1290 2162 1372 requirebatur
2198 1290 2277 1352 ab

783 1404 858 1450 eo
901 1396 1028 1450 tota
1066 1388 1446 1469 evangelicae
1483 1389 1638 1470 legis
1684 1388 2012 1471 perfectio.
2056 1393 2134 1452 Ue
2168 1393 2280 1450 col-

784 1490 938 1548 lerec
983 1507 1212 1565 corpus
1257 1491 1409 1549 Iesu
1461 1488 1538 1549 de
1596 1507 1807 1562 cruce,
1861 1497 1925 1550 et
1979 1489 2281 1570 sepeliret

785 1585 966 1659 illud,
1021 1605 1146 1649 non
1207 1586 1346 1668 ipse
1405 1586 1601 1660 soluS,
1657 1588 1766 1648 sed
1824 1586 2279 1667 adjuvantibus

783 1701 930 1745 eum
976 1683 1167 1765 justis
1216 1685 1328 1765 qui
1379 1686 1660 1747 aderant.
1699 1688 1786 1747 Ec
1825 1687 2126 1762 permisit
2165 1687 2283 1747 Pi-

785 1786 956 1843 latus
1003 1783 1121 1846 hoe
1169 1782 1337 1857 fieri,
1378 1785 1683 1865 quoniam
1731 1784 1959 1866 Joseph
2012 1785 2131 1845 iste
2173 1803 2282 1847 no-

2387 810 2477 861 est
2512 803 2760 862 Judoeis
2805 803 3074 878 sepelire
3111 821 3135 860 .·
3181 801 3294 881 qui
3346 819 3613 882 corpora
3659 797 3887 862 defun-

2389 905 2635 960 ctorum
2672 899 3063 962 aromatibus
3092 899 3420 972 condiunt,
3454 907 3517 960 et
3554 905 3887 980 sumptuo-

2388 995 2671 1058 sissimas
2720 997 3078 1078 sepulturas
3126 996 3443 1060 efficiunt.
3490 996 3667 1058 Unde
3718 1005 3887 1078 patet

2388 1096 2559 1176 quod
2611 1095 2675 1156 in
2734 1096 3119 1178 sepeliendis
3180 1095 3445 1159 mortuis
3490 1095 3885 1158 observanda

2389 1203 2485 1258 est
2526 1196 2745 1277 patriae
2787 1197 3200 1270 consuetudo,
3242 1197 3586 1259 dummodo
3632 1215 3759 1260 non
3802 1196 3885 1257 sit

2390 1301 2609 1356 contra
2650 1293 2847 1357 fidem
2889 1302 2953 1356 et
2994 1295 3380 1375 aequitatem.

2476 1395 2635 1453 Erat
2672 1402 2888 1453 autem
2929 1395 3001 1453 in
3042 1397 3196 1465 loce,
3241 1393 3305 1454 id
3352 1401 3449 1454 est
3502 1410 3703 1474 prope
3748 1391 3887 1454 Cal-

2393 1490 2581 1552 variae
2648 1490 2879 1566 locum,
2944 1493 3059 1551 ubi
3110 1493 3469 1568 crucifissus
3522 1499 3613 1550 est
3676 1490 3883 1564 JesuS,

2390 1591 2638 1658 hortm,
2666 1600 2727 1650 ec
2766 1591 2839 1650 in
2879 1591 3061 1650 horto
3100 1600 3591 1650 monumentum
3620 1609 3883 1659 novum,

2390 1687 2561 1768 quod
2608 1687 2836 1769 Joseph
2888 1688 3207 1750 exciderat
3255 1687 3377 1750 sibi
3430 1688 3493 1749 in
3544 1694 3744 1769 petra,
3790 1705 3889 1748 se-

2391 1785 2673 1847 eundum
2714 1785 3094 1859 Matthaeum,
3130 1787 3203 1845 in
3241 1806 3365 1865 quo
3394 1789 3689 1846 nondum
3716 1787 3887 1865 quis·
3912 1789 3937 1816 ¹

785 1889 886 1943 tus
943 1881 1068 1943 suit
1123 1881 1338 1954 Pilato,
1391 1889 1453 1943 et
1512 1883 1610 1944 vir
1672 1890 1916 1964 potenS,
1971 1883 2149 1945 dives
2208 1902 2281 1944 ac
2322 1885 2585 1963 Bquam
2616 1887 2865 1960 positus
2892 1885 3128 1961 fuerat.
3152 1884 3218 1946 In
3253 1884 3357 1946 tali
3390 1885 3563 1946 enim
3594 1884 3889 1966 sepulcm

783 1981 1016 2042 nobilis
1055 1983 1346 2063 (propter
1392 1982 1563 2062 quod
1615 1982 1678 2043 in
1721 1981 1923 2045 Marco
1968 1983 2279 2064 scriptum

741 2087 898 2152 .est,
923 2080 1094 2160 quod
1132 2079 1255 2141 fuit
1297 2079 1530 2143 nobilis
1572 2081 1877 2160 decurio),
1905 2081 2098 2162 idque
2141 2069 2285 2162 pro—‘

785 2185 927 2259 pter
983 2179 1404 2240 reverentiam
1462 2178 1624 2259 ejuS,
1679 2187 1742 2240 et
1791 2187 2051 2260 propter
2100 2179 2282 2242 inno-

783 2275 1056 2338 centiam
1087 2275 1332 2338 Christi.
1358 2276 1642 2358 Itemque
1673 2285 1932 2359 propter
1961 2295 2279 2340 rumorem

636 2404 752 2440 mu.
786 2374 1188 2436 redeuntium
1237 2376 1315 2438 dc
1364 2374 1501 2438 loco
1559 2375 1894 2438 dominicae
1944 2375 2277 2458 passionis,

785 2472 1277 2554 percutientium
1337 2481 1592 2555 pectora
1649 2493 1762 2535 sua
1817 2481 2008 2555 atque
2066 2475 2283 2536 dicen-

783 2569 966 2646 tium,
1025 2573 1198 2652 quod
1256 2571 1576 2633 mirabilia
1633 2572 1741 2634 illa
1801 2572 1964 2635 facta
2019 2574 2281 2635 fuerunt

785 2678 1044 2751 propter
1083 2669 1384 2749 injustam
1424 2670 1568 2732 Jesu
1605 2671 2004 2746 occisionem,
2028 2689 2284 2752 praeser-

783 2767 896 2829 tim
948 2787 1150 2849 quum
1199 2777 1261 2830 et
1309 2769 1596 2832 centurio
1642 2771 1707 2831 id
1756 2770 1968 2852 ipsum
2017 2778 2279 2832 testatus

743 2865 888 2953 'sit‚
924 2865 1095 2928 dedit
1138 2866 1372 2928 Pilatus
1417 2885 1821 2930 consensum.

883 2966 1066 3025 Venit
1093 2985 1240 3042 erqo
1284 2965 1537 3048 Joseph,
1569 2976 1630 3027 et
1671 2969 1849 3037 tulit,
1889 2967 2007 3030 hoe
2051 2976 2169 3042 est,
2204 2969 2281 3030 de

2393 1980 2594 2044 voluit
2642 1981 2927 2045 Christus
2974 1983 3149 2064 poni,
3181 1983 3335 2063 quia
3382 1983 3434 2044 si
3478 1981 3585 2044 alii
3634 1981 3699 2045 in
3746 1982 3887 2062 ejus

2392 2088 2806 2142 monumento
2862 2080 2993 2160 jam
3053 2080 3286 2162 sepulti
3348 2078 3641 2154 fuissent,
3692 2081 3891 2142 dixis-

2391 2187 2533 2239 sent
2572 2175 2831 2241 forsitan
2861 2179 3075 2250 Judaei,
3109 2180 3278 2261 quod
3319 2180 3587 2242 cadaver
3623 2179 3886 2242 alterius

2392 2282 2557 2337 esset
2605 2274 2928 2337 sublatum
2979 2284 3087 2340 aut
3138 2277 3533 2339 suscitatum.
3586 2278 3694 2338 Ibi
3736 2296 3886 2353 erqo

2384 2384 2649 2451 propter
2678 2377 3073 2436 Parasceven
3101 2378 3507 2446 Judaeorum,
3528 2374 3591 2437 id
3620 2383 3720 2437 est
3747 2395 3889 2457 pro-

2395 2479 2534 2553 pter
2578 2472 2958 2552 exigentiam
3010 2481 3200 2536 sextae
3250 2473 3445 2549 feriae,
3480 2474 3547 2536 in
3586 2493 3716 2555 qua
3758 2493 3882 2536 non

2393 2569 2575 2631 licuit
2628 2572 2901 2652 operari,
2956 2571 3077 2632 nisi
3132 2589 3335 2653 usque
3390 2573 3469 2634 ad
3528 2590 3880 2654 vesperam,

4018 1408 4093 1462 41

4021 2297 4099 2351 42

2394 2668 2459 2729 in
2508 2687 2636 2749 qua
2680 2669 3094 2732 inchoabatur
3140 2669 3465 2752 sequentis
3514 2671 3639 2732 diei
3686 2671 3889 2734 solen·
3942 2695 4191 2744 Rauda.

2394 2767 2581 2839 nitaS,
2625 2768 2859 2830 durans
2910 2787 3115 2849 usque
3160 2770 3239 2830 ad
3288 2786 3619 2850 vesperam
3668 2761 3940 2831 subse-⁶

2393 2873 2719 2947 quentem,
2754 2869 2910 2944 quia
2935 2868 3144 2945 juoeca
3186 2878 3328 2928 erat
3372 2878 3889 2939 monumentum,

2393 2965 2512 3026 hoc
2560 2972 2655 3026 est
2701 2965 3061 3046 proximum
3116 2966 3254 3029 loco
3304 2966 3639 3048 passionis,
3665 2986 3893 3044 posue-

785 3080 974 3125 eruee
1023 3063 1338 3145 deposuit,
1382 3085 1611 3142 corpus
1647 3068 1819 3127 Jesu.
1845 3069 2027 3128 Venit
2065 3076 2282 3127 autem
2322 3063 2365 3127 C
2392 3073 2550 3123 runc
2576 3066 2816 3132 Iesum,
2852 3063 2913 3126 id
2953 3071 3048 3126 est
3087 3083 3317 3147 eorpus
3358 3064 3517 3145 ejuS.
3541 3065 3676 3126 Jam
3715 3065 3889 3128 enim

517 3175 754 3224 Joanmu.
783 3172 843 3223 et
875 3164 1263 3225 Nicodemus
1303 3163 1601 3246 princeps
1639 3164 1996 3228 Judaeorum
2037 3174 2099 3227 et
2140 3165 2284 3228 Pha-

521 3271 653 3346 ⁰1⁶2·ae
673 3303 716 3346 Ξ·
787 3259 1138 3334 risaeorum‚
1191 3265 1310 3340 qui
1369 3273 1630 3323 venerat
1688 3265 1776 3324 ad
1831 3267 2049 3325 Jesum
2105 3275 2284 3325 nocte

779 3359 1100 3436 primum,
1135 3358 1197 3420 id
1239 3367 1336 3421 est
1373 3367 1658 3442 tempore
1695 3361 1826 3441 jam
1856 3361 2092 3443 elapso,
2119 3362 2286 3424 vide-

785 3456 935 3518 licet
972 3457 1142 3518 eirea
1178 3457 1570 3540 principium
1612 3459 2074 3540 praedicationis
2113 3461 2284 3523 Chri·

786 3553 888 3627 sti,
939 3556 1158 3632 ferens
1219 3559 1582 3617 mioeturam
1642 3561 1927 3636 myrrlzoe
1971 3568 2032 3619 et
2089 3563 2281 3631 aloes,

785 3656 975 3732 quasi
1003 3655 1201 3714 libras
1230 3665 1514 3725 centum,
1545 3655 1608 3718 id
1642 3664 1736 3717 est
1773 3666 2171 3737 unguentum
2206 3676 2283 3720 ex

786 3751 1022 3813 talibus
1061 3752 1399 3833 speciebus
1430 3753 1690 3827 factum,
1726 3773 1854 3836 quo
1887 3773 2153 3836 corpora
2186 3756 2287 3816 de·

788 3846 1155 3912 functorum
1205 3850 1666 3913 condiebantur
1713 3869 1793 3913 ne
1844 3851 2281 3933 putrefierent.

875 3950 1276 4026 Acceperunc
1323 3969 1470 4026 erqo
1517 3949 1749 4031 Joseph
1798 3959 1861 4012 et
1909 3950 2287 4014 Nicodemus

788 4065 1017 4122 corpus
1060 4050 1237 4117 lesu,
1286 4057 1347 4108 et
1405 4050 1778 4125 ligaverunt
1835 4069 1984 4110 eum
2043 4052 2285 4115 linteis,

790 4143 853 4204 id
903 4151 1021 4223 est,
1074 4145 1303 4226 pannis
1355 4144 1541 4208 lineis
1599 4165 1831 4229 corpus
1891 4147 2031 4228 ejus
2081 4147 2289 4210 invol-

2396 3161 2529 3223 dies
2569 3162 2763 3243 coepit
2804 3162 3186 3225 occumbere
3218 3183 3231 3226 :
3267 3169 3527 3245 propter
3559 3165 3733 3244 quod
3762 3183 3891 3227 non

2399 3267 2687 3341 poterant
2725 3279 2955 3341 corpus
2996 3260 3227 3323 Christi
3270 3261 3453 3342 longe
3494 3269 3765 3344 portare,
3792 3263 3891 3324 vel

2398 3357 2537 3438 cjus
2576 3358 2971 3440 sepulturam
3021 3357 3305 3432 differre,
3348 3361 3457 3422 sed
3505 3361 3899 3424 accelerave-

2400 3461 2589 3532 runt3
2640 3455 2795 3516 alias
2843 3455 3227 3537 oportuisset
3275 3464 3642 3538 exspectare
3690 3477 3897 3539 usque

2397 3554 2474 3616 ad
2518 3551 2718 3615 finem
2761 3550 3125 3616 festivitatis
3170 3554 3489 3616 instantis.

2490 3651 2830 3725 Postremo,
2884 3669 2961 3713 ex
3012 3651 3111 3712 his
3174 3651 3478 3716 elucescit
3533 3672 3729 3734 quam
3788 3655 3899 3716 de-

2400 3757 2541 3813 vote
2593 3757 2654 3811 et
2706 3757 3069 3812 reverenter
3112 3750 3343 3832 Joseph
3401 3759 3462 3814 et
3510 3750 3894 3815 Nicodemus

2398 3848 2790 3930 sepelierunt
2839 3848 3182 3923 Christum,
3235 3851 3520 3932 sumptui
3572 3869 3697 3914 non
3750 3870 3895 3933 par-

2399 3953 2649 4026 centes:
2695 3954 2757 4008 et
2804 3947 2956 4027 quia
3001 3947 3068 4008 in
3118 3956 3529 4011 monumento
3574 3949 3747 4029 quod
3794 3949 3897 4012 Jo-

2398 4045 2555 4127 seph
2596 4044 2719 4106 sibi
2760 4045 2884 4126 ipsi
2921 4045 3111 4125 jussit
3151 4046 3377 4127 parari,
3410 4046 3622 4128 posuit
3649 4047 3888 4109 Jesum.

2397 4143 2710 4205 Debemus
2740 4152 2952 4204 autem
2983 4152 3045 4205 et
3086 4163 3197 4207 nos
3238 4163 3383 4206 cum
3416 4145 3895 4208 venerabilibus

789 4249 1040 4314 verunt,
1075 4241 1319 4304 scilicet
1349 4243 1718 4306 linteamine
1749 4253 1811 4306 et
1841 4245 2116 4321 sudario,
2142 4252 2283 4320 etc„
2320 4249 2367 4310 D
2401 4243 2553 4306 viris
2622 4243 2721 4306 his
2781 4243 3102 4306 Christum
3161 4244 3238 4306 de
3302 4261 3491 4305 cruce
3546 4245 3892 4326 deponere,

787 4359 932 4400 cum
975 4343 1374 4402 aromatibus
1414 4341 1544 4422 jam
1596 4343 1936 4424 praedictis.
1973 4344 2147 4406 Unde
2199 4345 2289 4406 vi-

790 4437 1020 4499 dentur
1080 4458 1205 4501 non
1265 4439 1563 4502 habuisse
1633 4440 1886 4522 plenam
1955 4440 2150 4503 fidem
2211 4444 2288 4505 de

791 4535 1023 4598 Christi
1064 4538 1549 4615 resurrectione,
1583 4539 1955 4602 adhibentes
1998 4541 2056 4602 ei
2103 4541 2286 4602 istam

795 4634 1161 4697 unctionem
1220 4643 1438 4699 contra
1500 4636 2050 4718 putrefactionem,
2111 4639 2289 4720 igno-

795 4739 1004 4794 rantes
1035 4733 1193 4795 illud
1226 4734 1668 4816 propheticum
1703 4736 1767 4798 in
1796 4736 1943 4798 Jesu
1973 4738 2289 4820 complen-

797 4830 950 4892 dum
999 4849 1012 4892 :
1060 4830 1195 4894 Non
1254 4831 1433 4894 dabis
1482 4831 1781 4896 Sanctum
1841 4841 2023 4897 tuum
2073 4834 2288 4897 videre

798 4929 1293 5010 corruptionem.
1326 4930 1558 5013 Joseph
1597 4949 1745 5012 ergo
1785 4941 1847 4994 et
1881 4932 2284 5009 NicodemuS‚

794 5027 1089 5108 quamvis
1136 5047 1341 5110 usque
1382 5030 1461 5091 ad
1507 5030 1866 5112 passionem
1911 5030 2140 5094 Christi
2192 5031 2292 5093 fu-

796 5131 987 5188 erunt
1049 5127 1282 5189 occulti
1348 5127 1488 5208 ejus
1558 5127 1879 5210 discipuli,
1942 5137 2153 5191 tamen
2223 5130 2288 5192 in

799 5224 1114 5306 passione,
1159 5224 1311 5287 visis
1360 5225 1763 5288 mirabilibus
1819 5246 1965 5309 quae
2019 5225 2285 5304 fiebant,

797 5321 1058 5383 animati
1107 5320 1369 5385 fuerunt
1423 5325 1500 5386 ad
1557 5324 1988 5387 exhibendum
2037 5327 2287 5408 corpori

2399 4342 2520 4404 hoc
2578 4349 2673 4404 est
2730 4343 2807 4404 de
2866 4342 3001 4404 fine
3047 4360 3179 4405 suae
3231 4341 3541 4423 passionis
3588 4343 3891 4423 gaudere.

2398 4438 2939 4512 Quemadmodum
2986 4441 3160 4502 enim
3211 4441 3277 4502 in
3325 4441 3737 4504 meditatione
3786 4443 3901 4504 do-

2398 4538 2651 4600 minicae
2710 4538 3023 4620 passionis
3082 4538 3438 4601 contristari
3498 4546 3561 4600 et
3615 4540 3895 4622 compati

2399 4637 2705 4699 debemus
2755 4637 3019 4701 Domino
3066 4636 3394 4713 Salvatori,
3438 4637 3529 4700 sic
3576 4638 3640 4699 in
3690 4639 3897 4701 medi-

2403 4735 2635 4798 tatione
2681 4735 2835 4798 finis
2884 4735 3076 4816 hujus
3127 4736 3461 4818 passioniS,
3507 4736 3603 4798 vel
3650 4737 3729 4798 de
3772 4737 3895 4800 hoe

2400 4836 2569 4915 quod
2612 4835 2945 4896 terminata
2982 4842 3077 4896 est
3117 4835 3327 4917 passio
3365 4834 3615 4910 Christi,
3648 4841 3711 4896 et
3750 4835 3893 4916 ejus

2399 4934 2758 4995 humanitas
2805 4953 2842 4994 a
2890 4941 3060 4995 tanta
3105 4933 3458 4996 afflictione
3503 4941 3741 5014 erepta,
3784 4935 3894 4998 lae-

2401 5033 2515 5094 tari
2576 5031 2883 5094 habemus
2945 5049 2958 5094 ε
3020 5038 3085 5093 et
3140 5033 3259 5095 hoc
3325 5040 3419 5094 est
3474 5031 3793 5095 Christum
3848 5051 3889 5094 a

2398 5149 2585 5193 cruce
2643 5131 2981 5211 deponere.
3044 5130 3309 5212 Insuper
3365 5129 3669 5192 debemus
3736 5148 3885 5193 eum

2397 5229 2673 5291 mixtura
2714 5229 2987 5310 myrrhae
3030 5237 3092 5290 ct
3136 5229 3306 5292 aloes
3352 5228 3631 5303 condire,
3678 5229 3743 5291 id
3792 5237 3889 5291 est

2397 5325 2887 5390 mortificatione
2947 5326 3246 5390 vitiorum
3304 5333 3367 5388 et
3424 5325 3590 5390 bono
3654 5335 3883 5390 sanctae
