4300 6259
1305 510 1656 558 malumno
1699 510 1764 557 m
1803 511 1941 557 car.
1987 510 2052 557 xi
2096 510 2283 558 mcAE.
2331 532 2411 543 —
2451 514 2595 560 Anr.
2642 514 2790 559 xxxi
3522 496 3600 561 47

463 892 628 935 esse
677 874 942 947 bonum,
997 895 1112 938 cur
1161 895 1291 939 non
1340 877 1437 940 vis
1486 894 1626 937 esse
1674 878 1846 957 quod
1897 876 1993 938 vis

462 976 838 1055 apparere?
886 974 1012 1036 Aut
1059 992 1213 1056 ergo
1271 983 1408 1037 esto
1466 975 1639 1057 quod
1697 993 1989 1056 appareS,

463 1080 596 1132 aut
644 1090 880 1155 appare
927 1074 1102 1154 quod
1150 1090 1242 1135 es.
1295 1072 1471 1146 Quod
1522 1079 1618 1135 est
1668 1073 1997 1154 sophisma

467 1170 550 1231 in
593 1170 1006 1254 philosophia
1045 1171 1364 1253 rationali,
1399 1172 1462 1234 id
1503 1179 1600 1233 est
1637 1170 1994 1253 hypocrisis

467 1266 550 1329 in
601 1269 849 1331 morali.

563 1370 978 1443 Respondeas
1025 1378 1244 1429 autem
1288 1368 1562 1447 quidam
1609 1388 1690 1427 eoe
1739 1368 1995 1444 legispe-

465 1467 663 1535 ritis,
694 1467 792 1525 ait
821 1468 930 1525 illi
949 1486 972 1525 .·
995 1468 1338 1543 Mayiscer,
1366 1469 1500 1527 koec
1527 1467 1746 1525 dicens
1777 1474 1994 1528 contra

465 1561 853 1637 Pharisae08‚
913 1568 1114 1625 etiam
1173 1566 1354 1625 nobis
1409 1564 1794 1645 legisperitis
1849 1583 1994 1624 con-

467 1662 828 1723 tumeliam
871 1663 1064 1739 faci-3,
1119 1662 1182 1723 id
1235 1668 1352 1735 est,
1405 1661 1632 1725 honori
1681 1668 1743 1721 et
1802 1661 1989 1722 statui

467 1767 704 1823 nostro
751 1761 1036 1841 derogaS.
1088 1759 1218 1823 Hoc
1272 1761 1627 1843 praesertim
1680 1760 1840 1821 dixit
1888 1760 1992 1822 hic

466 1974 552 2016 ra
599 1957 810 2038 arguit
857 1955 1225 2031 Pharisaeos,
1271 1958 1444 2039 quod
1494 1957 1733 2040 primas
1781 1957 1994 2019 cathe-

461 2054 630 2115 dras
658 2063 947 2117 amarent
974 2053 1042 2117 in
1074 2057 1430 2138 synagogis.
1465 2054 1750 2117 Fuerunt
1777 2062 1990 2117 autem

465 2152 654 2214 inter
697 2152 943 2216 Judaeos
1002 2155 1316 2216 cathedrae
1366 2155 1719 2229 doctorum,
1771 2162 1835 2216 et
1889 2154 1994 2235 ju-

461 2251 724 2327 dicum,
777 2259 970 2333 atque
1026 2250 1432 2334 pontificum.
1487 2252 1795 2316 cathedra
1843 2270 1991 2315 vero

463 2351 817 2413 doctorum
861 2351 1253 2431 congruebat
1293 2350 1703 2433 legisperitis,
1737 2351 1851 2433 qui
1895 2350 1995 2412 fu-

465 2456 678 2511 erunt
715 2448 944 2512 scribae
985 2456 1049 2511 et
1089 2450 1380 2513 doctores
1420 2468 1495 2512 ac
1535 2449 1755 2513 clerici
1797 2450 1996 2513 Judae-

467 2566 697 2611 orum.
730 2547 1027 2611 Pharisaei
1066 2556 1282 2615 autem
1321 2548 1601 2629 religiosi
1637 2566 1860 2612 eorum
1900 2548 1996 2611 fu-

469 2653 701 2708 erunt.
753 2646 965 2722 Porro,
1020 2655 1090 2709 ut
1140 2648 1230 2709 ait
1287 2646 1581 2731 Cyrillus,
1636 2647 1996 2728 redargutio

466 2763 634 2826 quae
690 2752 1056 2808 mansuetos
1115 2745 1416 2808 transfert
1471 2746 1538 2807 in
1588 2746 1841 2821 meliuS,
1895 2766 1999 2807 su-

471 2843 708 2927 perbis
751 2844 1124 2907 hominibus
1169 2844 1590 2908 intolerabilis
1631 2862 1770 2907 esse
1814 2844 1994 2907 solet.

472 2942 562 3003 Et
623 2960 773 3005 eece
829 2961 1026 3024 quam
1087 2942 1320 3005 misera
1385 2942 1793 3017 conscientia,
1855 2960 2000 3023 quae

458 695 796 759 apparere
826 678 1078 760 pulchri
1119 698 1192 741 ac
1231 678 1408 743 boni.
1444 679 1672 743 Contra
1706 699 1868 761 quos
1907 680 1995 741 ait
2021 681 2072 742 A
2098 687 2259 743 terat
2319 682 2665 757 observari,
2730 683 3085 766 praesertim
3145 691 3457 765 quantum
3520 686 3597 746 ad

461 774 972 858 chrysostomus
1007 796 1022 839 τ
1056 776 1104 840 Ο
1142 778 1494 861 hypocrita,
1530 778 1580 839 si
1619 778 1862 841 bonum
1900 785 1995 838 est

2100 798 2360 842 sensum
2398 781 2759 843 litteralem.
2794 785 2879 843 Ec
2918 784 3048 859 ipsi
3086 802 3215 843 uno
3254 785 3461 861 digito
3502 804 3603 843 ve-

2099 887 2230 937 stro
2284 899 2417 939 non
2480 881 2751 957 tangitis
2808 882 3127 950 sarcinam,
3185 880 3249 942 id
3306 888 3423 953 est,
3486 898 3603 942 nee

2101 976 2180 1037 ad
2232 977 2551 1039 modicum
2601 978 2835 1039 curatis
2889 978 3249 1052 observare,
3298 985 3360 1039 et
3411 996 3604 1060 opere

2101 1070 2455 1153 adimplere
2501 1091 2645 1153 quae
2691 1072 2848 1135 alios
2896 1072 3193 1135 edocetis.
3236 1072 3413 1135 Tales
3458 1080 3608 1135 sunt

2100 1170 2289 1232 modo
2320 1171 2756 1252 quamplure3‚
2778 1170 2889 1252 qui
2922 1169 3113 1233 fortia
3143 1171 3510 1253 praedicant,
3544 1178 3607 1232 et

2105 1267 2213 1330 vix
2257 1268 2523 1331 minima
2570 1277 2824 1331 servant
2868 1288 2881 1331 ε
2928 1268 3194 1351 perfecti
3246 1270 3311 1330 in
3364 1268 3601 1343 verbiS,

2104 1367 2463 1448 pravissimi
2494 1368 2691 1430 factis,
2710 1368 2827 1430 Sed
2860 1376 2923 1431 et
2952 1370 3307 1431 sacerdotes
3338 1368 3607 1432 nonnul·

2103 1463 2171 1537 li,
2206 1465 2317 1545 qui
2351 1465 2417 1526 in
2447 1465 2833 1528 absolvendo
2864 1466 3203 1528 indiscreta
3233 1467 3608 1548 poenitentia

2098 1571 2365 1642 gravant
2412 1565 2753 1639 conl’eSSOS,
2795 1564 2895 1626 his
2946 1564 3157 1626 verbis
3202 1572 3519 1627 notantur.

2182 1661 2447 1743 lusuper
2490 1663 2698 1743 arguit
2746 1662 2996 1725 Scribas
3040 1664 3117 1725 de
3160 1662 3454 1725 simulata
3495 1664 3603 1724 de-

2103 1759 2378 1822 votione.
2424 1764 2524 1822 Voe
2572 1763 2767 1830 vobis,
2818 1765 2936 1841 qui
2981 1764 3323 1839 oedifi'catis
3372 1782 3601 1824 monu-

464 1857 914 1940 legisperituS,
953 1858 1260 1940 quoniam
1300 1858 1586 1921 Christus
1627 1859 1793 1920 inter
1829 1866 1994 1921 cete-
2026 1860 2076 1924 B
2103 1868 2316 1919 menta
2350 1861 2849 1937 Prophetarum.
2874 1859 3010 1924 Non
3042 1861 3601 1942 reprehenduntur

2101 1958 2179 2018 de
2219 1957 2337 2020 boc
2380 1958 2552 2040 quod
2600 1958 2929 2041 Prophetis
2980 1967 3241 2041 propter
3284 1959 3599 2040 justitiam

2099 2054 2450 2118 interfectis
2492 2058 2850 2119 veneranda
2890 2076 2963 2120 ac
3005 2058 3273 2139 pulchra
3310 2065 3598 2122 constru-

2097 2161 2321 2216 xerant
2376 2162 2808 2229 monumenta,
2873 2156 2985 2218 sed
3042 2157 3195 2237 quia
3258 2156 3379 2220 hoc
3438 2174 3601 2219 vana

2100 2250 2453 2314 intentione
2504 2259 2790 2332 egerunt,
2834 2260 2897 2314 et
2947 2253 3100 2334 quia
3155 2254 3221 2315 in
3266 2254 3431 2316 malo
3478 2260 3605 2315 sta·—

2101 2356 2172 2411 tu
2208 2348 2491 2425 fuerunt,
2526 2350 2873 2432 impiorum
2911 2358 3167 2433 patrum
3206 2370 3469 2415 suorum
3508 2369 3605 2413 se-

2100 2448 2357 2529 quendo
2385 2447 2667 2511 facinora
2704 2448 2909 2525 sactiS,
2944 2468 3091 2531 quae
3130 2450 3603 2513 detestabantur

2102 2547 2316 2610 verbis
2374 2547 2811 2609 mendacibus.
2864 2551 3097 2610 Patres
3142 2558 3359 2611 autem
3407 2546 3620 2609 vestras

2102 2648 2475 2707 occiderunt
2522 2648 2689 2715 illos,
2737 2654 2891 2727 puta
2938 2645 3305 2728 ProphetaS,
3358 2648 3603 2710 scilicet

2101 2742 2459 2818 Ieremiam,
2483 2743 2727 2817 lsaiam,
2752 2750 2871 2805 etc.
2897 2745 3218 2821 Profecm,
3248 2745 3312 2806 id
3344 2752 3439 2807 est
3468 2763 3605 2807 cer-

2105 2849 2188 2915 te,
2225 2843 2688 2919 testificamini,
2733 2841 2797 2903 id
2839 2850 2957 2917 est,
3001 2850 3221 2906 contra
3269 2862 3379 2907 vos
3429 2844 3602 2925 ipsos

2105 2946 2299 3001 testes
2348 2940 2521 3015 estiS,
2568 2959 2695 3003 non
2746 2940 2982 3015 verbiS,
3030 2942 3139 3003 sed
3186 2941 3606 3021 factiS,·quod

473 3041 710 3104 audito
753 3040 862 3103 Dei
910 3040 1127 3115 verbo,
1178 3040 1303 3103 sibi
1351 3041 1806 3104 contumeliam
1853 3040 1998 3103 sieri
2035 3048 2081 3113 G
2109 3040 2482 3100 consentitis
2510 3040 2803 3115 operibus
2824 3048 3097 3115 patrum
3127 3049 3510 3110 vestrorum,
3541 3039 3607 3101 id

479 3148 696 3221 putat,
748 3146 812 3200 et
851 3139 1362 3202 commemoratis
1412 3138 1584 3202 vitiis
1627 3139 1996 3221 impiorum,

475 3256 556 3299 se
617 3237 788 3319 tangi
837 3244 950 3299 aut
1000 3237 1384 3319 suspicatur,
1437 3245 1547 3299 aut
1607 3237 1997 3318 indignatur.

477 3334 745 3398 Etenim
783 3335 936 3397 mali
976 3335 1101 3397 sibi
1145 3336 1302 3417 ipsis
1344 3336 1422 3399 de
1462 3336 1596 3398 suis
1638 3336 1809 3398 vitiis
1853 3354 2003 3399 con-

479 3434 636 3509 scii,
683 3436 761 3496 de
809 3452 876 3495 se
923 3434 1272 3516 opinantur
1313 3434 1532 3497 omnia
1568 3433 1718 3509 dici,
1762 3452 2006 3496 correc-

479 3534 868 3613 tionemque
926 3532 1132 3614 culpae
1191 3540 1490 3614 reputant
1549 3532 2003 3596 contumeliam

483 3649 807 3715 personae.
832 3629 1075 3703 Quibus
1108 3632 1507 3713 pensandum
1539 3639 1635 3693 est
1664 3632 1823 3694 illud
1861 3631 2008 3695 Pro-

427 3782 442 3799 .
485 3730 870 3795 verbiorum
914 3748 928 3792 ε
976 3729 1125 3793 Viro
1172 3730 1286 3811 qui
1345 3730 1798 3813 corripientem
1850 3731 2006 3793 dura

486 3830 749 3893 cervice
778 3829 1152 3903 contemnit,
1185 3830 1561 3912 repentinus
1599 3830 2008 3911 superveniet

485 3928 821 3992 interitus.

574 4032 666 4090 At
705 4030 823 4089 ille
859 4028 982 4099 ait,
1023 4027 1313 4091 Christus
1360 4028 1607 4109 utique,
1650 4027 1764 4109 qui
1809 4029 2011 4090 nemi-

485 4144 648 4188 nem
700 4124 918 4207 palpat
950 4143 964 4187 :
999 4127 1086 4185 Et
1129 4126 1302 4186 vobis
1345 4126 1731 4202 leyispericis
1774 4146 1892 4193 vae,
1944 4125 2008 4187 id

2111 3144 2227 3210 est,
2270 3138 2442 3217 quod
2486 3136 2844 3199 conformes
2889 3137 3064 3212 estiS,
3109 3156 3223 3220 per
3258 3138 3609 3202 malitiosos

2112 3234 2399 3307 effectus
2420 3236 2705 3317 patribus
2738 3236 2965 3299 vestris
2995 3238 3389 3319 carnalibus3
3412 3258 3615 3318 quan-

2113 3335 2460 3413 doquidem
2500 3336 2628 3411 ipsi
2668 3343 2877 3417 patres
2919 3336 3113 3399 vestri
3153 3354 3363 3411 carne,
3398 3345 3461 3398 et
3500 3337 3619 3399 im·-

2116 3433 2368 3515 pietatis
2416 3433 2761 3514 exemplari
2814 3434 3253 3515 praecessione,
3298 3456 3422 3503 eos,
3465 3444 3621 3517 puta

2117 3531 2483 3614 Prophetas,
2528 3534 2945 3604 occiderunt‚·
2997 3554 3103 3594 vos
3148 3544 3366 3595 autem
3410 3536 3621 3613 oedifi-

2116 3632 2279 3691 catis
2315 3651 2538 3691 eorum
2575 3635 2891 3708 sepulcra,
2936 3631 3231 3694 videlicet
3284 3632 3619 3714 Propheta-

2119 3748 2285 3804 rum,
2340 3729 2588 3791 curiose
2637 3749 2709 3792 ac
2759 3730 3054 3810 pretiose,
3105 3731 3185 3792 ad
3234 3733 3617 3812 captandum

2118 3828 2294 3908 vulgi
2333 3827 2637 3902 favorem,
2675 3836 2744 3889 ut
2771 3828 3112 3890 videamini
3150 3828 3305 3909 justi
3346 3848 3419 3891 ac
3450 3830 3619 3892 dete-

2118 3934 2354 3989 stantes
2385 3926 2654 3989 crimina
2684 3934 2936 4008 patrum
2968 3935 3343 4001 vestrorum,
3377 3927 3615 4009 quibus

2119 4026 2437 4109 persecuti
2488 4033 2638 4088 sunt
2684 4035 2932 4089 sanctos
2982 4025 3324 4109 Prophetas
3368 4046 3381 4090 ε
3426 4036 3489 4089 et
3530 4036 3619 4090 ta-

2119 4144 2266 4187 men
2326 4126 2487 4207 pari,
2547 4125 2675 4187 imo
2735 4125 2939 4187 multo
2996 4126 3222 4206 maj0ri
3290 4127 3616 4208 impietate

483 4235 615 4299 est,
663 4224 896 4287 similis
939 4243 1088 4286 cum
1136 4223 1470 4286 Pharisaeis
1521 4224 1840 4287 damnatio
1890 4224 2010 4286 im-
2040 4231 2089 4292 D
2119 4225 2581 4307 persequimini
2623 4242 2725 4285 me
2755 4241 3059 4305 meosque
3087 4224 3457 4307 discipulos,
3490 4244 3619 4307 qua

485 4329 701 4390 minet
741 4326 946 4400 vobis,
990 4326 1108 4405 qui
1145 4328 1432 4387 oneratis
1471 4326 1763 4387 homines
1799 4327 2010 4387 oneri—

481 4430 612 4487 bus
636 4446 784 4505 quoe
801 4434 1069 4502 portare
1087 4444 1216 4485 non
1237 4434 1528 4502 possunt,
1553 4423 1616 4485 id
1647 4430 1755 4496 est,
1782 4442 2009 4505 magna

483 4533 555 4587 et
593 4524 818 4606 gravia
860 4524 1051 4606 vulgo
1094 4524 1336 4604 agenda
1381 4521 1742 4603 injungitis,
1788 4522 2010 4584 videli-

485 4630 597 4687 cet
647 4622 1103 4686 caerimonialia
1156 4622 1336 4702 legiS,
1382 4629 1446 4683 et
1495 4621 1784 4683 instituta
1834 4622 2008 4684 varia

485 4721 828 4785 seniorum
879 4728 1260 4783 vestrorum.
1311 4720 1398 4781 De
1445 4719 1568 4783 hoc
1614 4718 2009 4782 caerimonia—

489 4822 662 4883 lium
709 4819 1260 4883 observantiarum
1315 4834 1508 4880 onere
1556 4818 1661 4881 vix
1709 4818 2006 4899 portabili

493 4919 722 4981 Petrus
770 4916 1096 4999 apostolus
1146 4916 1212 4977 in
1262 4915 1524 4978 Actibus
1568 4923 2002 4979 contestatur:

123 5040 456 5089 adamo.
493 5017 664 5090 Quid
701 5016 960 5078 tentatis
1000 5014 1226 5095 jugum
1269 5015 1600 5095 imponere
1643 5033 1837 5095 super
1877 5033 2011 5077 cer-

497 5116 712 5179 vicem
748 5112 1237 5195 discipulorum,
1273 5113 1444 5193 quod
1484 5130 1692 5193 neque
1727 5131 1864 5186 nOS,
1902 5132 2010 5175 ne-

497 5232 632 5297 que
674 5220 886 5296 patres
929 5212 1131 5275 nostri
1174 5219 1426 5294 portare
1469 5212 1840 5293 potuimus?
1881 5211 2008 5273 Lex

497 5312 739 5375 etenim
769 5310 1018 5394 Moysis,
1042 5311 1252 5392 quoad
1282 5310 1732 5373 eaerimonialia
1761 5310 1868 5373 vix
1899 5328 2010 5391 po-

2119 4333 2328 4406 patres
2387 4324 2579 4386 vestri
2641 4324 2957 4405 persecuti
3021 4331 3169 4385 sunt
3228 4331 3422 4386 vates.
3484 4324 3617 4397 Quo

2119 4431 2382 4498 constat,
2417 4424 2588 4504 quod
2626 4422 2842 4503 (modo
2881 4422 3197 4504 exposito)
3240 4423 3466 4486 vestris
3507 4442 3618 4505 pa-

2118 4520 2322 4582 tribus
2391 4521 2783 4596 consentitiS,
2845 4539 2948 4583 me
3016 4522 3479 4603 persequendo,
3540 4540 3616 4585 eo

2117 4621 2287 4701 quod
2330 4620 2658 4683 veritatem
2699 4619 2878 4683 vobis
2918 4620 3311 4695 denuntiem,
3346 4628 3409 4682 et
3441 4620 3613 4701 juste

2119 4738 2229 4782 vos
2262 4718 2609 4799 increpem,
2642 4718 3179 4799 quemadmodum
3211 4717 3305 4779 illi
3345 4718 3619 4801 Prophe-

2115 4824 2210 4878 tas
2269 4824 2417 4878 sunt
2467 4817 2806 4897 persecuti,
2857 4816 3159 4896 quoniam
3214 4816 3415 4896 justas
3474 4817 3616 4881 illo-

2118 4934 2261 4976 rum
2302 4914 2765 4995 increpationes
2807 4914 2935 4995 pati
2978 4923 3378 4995 spreverunt.
3412 4915 3515 4978 Sic
3554 4924 3619 4980 et

2117 5015 2305 5076 modo
2356 5012 2615 5093 quidam
2658 5019 2807 5073 sunt
2847 5013 3306 5094 praeteritorum
3361 5012 3617 5078 Sancto-

2119 5132 2262 5173 rum
2311 5110 2607 5184 cultoreS,
2649 5116 2713 5170 et
2762 5111 3168 5192 praesentium
3222 5120 3614 5195 contempto-

2118 5230 2240 5273 res.
2282 5209 2823 5282 Quemadmodum
2870 5218 3081 5272 autem
3130 5209 3611 5293 chrysostomus

2117 5309 2362 5383 scribit,
2404 5308 2664 5390 quidam
2715 5308 3033 5371 aedil'icant
3082 5318 3431 5393 martyrum
3476 5332 3613 5377 mo-

3732 1772 3804 1829 47
