4300 6259
561 3052 730 3095 Manli.
746 3068 800 3103 vi,

539 3120 562 3159 5
587 3122 628 3159 el
653 3128 744 3171 seq.

834 489 916 555 26

1651 512 2000 561 zumulo
2041 514 2104 561 m
2146 515 2286 562 GAP.
2332 514 2397 560 11
2438 514 2627 563 LUGAE.
2673 534 2756 545 —
2796 515 2938 561 ΛΒΤ.
2984 515 3136 561 1111

837 681 1123 762 designat
1163 684 1450 746 eamdem
1491 682 1859 759 Ecclesiam,
1895 686 2006 747 sed
2046 685 2112 747 in
2156 684 2329 747 futu·
2358 684 2409 746 A
2438 684 2783 747 mulierum
2815 685 3237 767 perfectiones
3277 684 3537 763 sectari3
3570 691 3633 745 et
3661 680 3935 764 quilibet

835 799 926 854 ro,
987 780 1096 842 ubi
1151 799 1404 843 cessans
1459 782 1538 844 ab
1597 800 1787 864 opere
1845 783 2329 865 ministerioque

834 879 1278 960 indigentium,
1314 880 1446 942 sola
1483 881 1793 962 sapientia
1833 881 2217 963 perfruetur.
2252 920 2328 929 —

835 977 1148 1040 Conemur
1177 995 1324 1058 ergo
1354 986 1418 1039 et
1456 998 1569 1041 nos
1609 979 1834 1041 harum
1865 980 2330 1042 venerabilium

2440 792 2728 846 nostrum
2778 783 2967 863 digne
3004 783 3365 846 conversari
3416 783 3674 856 nitatur,
3709 798 3935 843 secun-

2438 883 2593 945 dum
2650 882 3031 963 exigentiam
3089 882 3437 946 vocationis
3492 902 3619 963 qua
3675 888 3931 945 vocatus

2436 988 2554 1056 est,
2603 989 2792 1063 prout
2835 989 3048 1045 monet
3088 980 3448 1063 Apostolus,

1874 1416 2525 1501 ARTICULUS
2604 1418 2885 1501 XXIX

915 1686 1267 1734 ELUCIDATIO
1309 1688 1585 1735 GAPITULI
1627 1688 1915 1735 ormnem!
1960 1690 1973 1734 :

2025 1690 2096 1733 ET
2137 1688 2381 1734 FAc'run
2424 1690 2555 1749 EST,
2598 1690 2763 1745 Qum!
2810 1690 2991 1736 essm·
3034 1689 3099 1735 IN
3140 1690 3395 1745 Quonam
3436 1688 3585 1735 Loco
3626 1688 3851 1735 onmS.

953 1956 1320 2020 ALVATOR
1360 1958 1421 2019 in
1455 1958 1647 2039 hujus
1679 1960 1904 2041 capitis
1940 1960 2201 2021 exordio
2233 1960 2329 2021 do-
2364 1955 2412 2017 B
2440 1959 2625 2023 nobis
2659 1979 2673 2023 :
2708 1961 3002 2042 quamvis
3052 1978 3219 2042 saepe
3264 1960 3541 2023 oraverit
3581 1977 3696 2041 pro
3736 1976 3802 2020 se
3842 1958 3941 2039 ip-

973 2064 1072 2117 cet
1119 2056 1420 2119 orationis
1473 2055 1740 2120 formam
1796 2066 1986 2139 atquc
2041 2058 2330 2119 instanti-

2440 2077 2529 2129 so,
2562 2059 2855 2121 videlicet
2887 2077 3000 2140 pro
3030 2058 3129 2120 sui
3162 2058 3444 2139 corporis
3472 2056 3937 2137 glorificatione

3992 892 4007 934 1
4034 892 4143 935 Cor.
4158 906 4223 939 νιι,

3961 956 4039 1003 20;
4056 954 4225 1009 Ερὴα.

3962 1031 4020 1067 ιν,
4039 1020 4079 1060 t.

831 2173 956 2225 am,
991 2154 1096 2215 dat
1132 2174 1390 2236 quoque
1433 2155 1813 2236 impetrandi
1853 2156 2179 2218 fiduciam.
2213 2156 2330 2217 Ita—
2436 2157 2939 2238 accidentalique
2992 2158 3274 2238 praemio.
3324 2157 3505 2237 juxta
3552 2156 3711 2218 illud
3754 2155 3939 2218 Ioan-
3963 2171 4223 2213 amma

832 2272 958 2333 que
1005 2252 1204 2315 Lucas
1255 2254 1661 2317 historialiter
1710 2255 2035 2329 inchoans,
2071 2255 2161 2316 ait
2194 2274 2209 2317 :
2244 2258 2329 2315 Ec

830 2354 1080 2428 factum
1129 2362 1245 2421 esc,
1293 2374 1496 2431 quum
1545 2362 1696 2414 esset
1747 2356 1820 2413 in
1869 2356 2148 2434 quodam
2199 2357 2328 2413 loco

829 2470 1047 2521 ονανιε,
1081 2460 1153 2511 ut
1181 2453 1446 2511 cessavit
1476 2470 1676 2526 orare,
1708 2454 1887 2513 dimit
1920 2472 2090 2513 unus
2117 2474 2201 2512 eoe
2227 2454 2325 2511 di-

829 2550 1099 2626 scipulis
1126 2550 1266 2625 ejus
1295 2553 1382 2610 ad
1411 2570 1578 2610 eum.
1612 2549 1744 2622 Quo
1776 2551 1912 2613 loco
1946 2558 2056 2611 aut
2088 2559 2331 2631 tempo-

832 2665 900 2708 re
939 2646 1271 2728 contigerit
1311 2648 1503 2723 istud,
1541 2648 1934 2729 Evangelista
1973 2650 2090 2711 iste
2125 2650 2331 2711 deter-

831 2745 1068 2807 minate
1100 2766 1224 2808 non
1257 2748 1578 2828 exprimit.
1615 2747 1816 2821 Porro,
1849 2756 1918 2810 ut
1948 2748 2011 2809 in
2045 2748 2330 2811 Matthaeo

832 2843 1122 2919 habetur,
1160 2846 1310 2907 dum
1346 2845 1526 2908 Jesus
1577 2845 1640 2908 in
1683 2854 1897 2909 monte
1943 2865 2155 2909 coram
2195 2846 2329 2908 suis

834 2942 1203 3023 praedicaret
1231 2944 1580 3025 discipulis,
1614 2944 2042 3025 evangelicam
2072 2946 2329 3008 tradens

833 3040 1050 3121 legem,
1087 3042 1253 3103 inter
1283 3051 1490 3105 cetera
1519 3044 1778 3105 modum
1810 3044 2027 3107 orandi
2061 3043 2325 3114 edocuit,

2440 2255 2538 2315 nis
2584 2273 2597 2316 :
2642 2255 2841 2329 Pater,
2888 2254 3173 2317 clarifica
3216 2273 3338 2317 me.

2516 2353 2841 2427 Praetcrea,
2878 2372 2991 2435 per
3019 2354 3140 2417 hoc
3168 2354 3339 2435 quod
3372 2353 3725 2434 discipulus
3757 2352 3935 2415 Chri-

2439 2452 2515 2513 sti
2552 2472 2675 2515 non
2712 2452 2895 2534 petiit
2925 2452 3195 2515 formam
3227 2452 3445 2515 orandi
3477 2472 3516 2514 a
3538 2451 3806 2525 Christo,
3842 2450 3937 2512 ni-

2439 2550 2489 2611 si
2536 2559 2871 2632 postquam
2914 2550 3184 2613 cessavit
3222 2568 3423 2624 orare,
3468 2551 3771 2613 docemur
3808 2567 3933 2611 non

2440 2648 2907 2731 interrumpere
2964 2648 3316 2711 orationem
3372 2656 3435 2709 et
3493 2648 3935 2730 psalmodiam,

2439 2764 2549 2807 seu
2581 2746 2887 2809 Horarum
2920 2746 3418 2827 persolutionem
3451 2764 3776 2809 servorum
3806 2744 3933 2807 Dei.

2437 2843 2609 2916 Quod
2641 2844 2793 2926 quia
2823 2844 3115 2907 nonnulli
3146 2844 3339 2906 nimis
3372 2844 3643 2907 faciliter
3669 2843 3934 2914 faciunt,

2436 2944 2713 3025 graviter
2744 2952 3021 3026 peccant„
3044 2962 3167 3008 non
3202 2952 3539 3026 pensantes
3569 2944 3737 3025 quod
3766 2962 3941 3007 oran-

2437 3050 2533 3104 tes
2591 3051 2782 3124 atque
2842 3043 3203 3124 psallenteS,
3258 3063 3402 3106 cum
3454 3044 3577 3105 Deo
3629 3043 3941 3105 altissimo

829 3148 1022 3221 atque
1079 3140 1574 3222 subsequentem
1636 3140 1992 3205 Orationem
2055 3142 2329 3205 domini·
2367 3138 2410 3203 C
2440 3143 2570 3204 sint
2608 3143 2961 3223 loquentes.
3006 3143 3279 3223 Ideoque
3317 3142 3669 3223 praesertim
3712 3141 3793 3204 ob
3830 3140 3938 3202 Dei

831 3256 969 3300 cam
1015 3239 1260 3320 primus
1307 3239 1581 3301 instituit
1617 3260 1690 3302 ac
1730 3240 2128 3322 deprompsit
2164 3259 2177 3302 :
2216 3260 2331 3301 un—

833 3338 908 3399 de
947 3345 1209 3419 apparet
1255 3338 1426 3419 quod
1464 3338 1662 3401 Lucas
1704 3339 1825 3401 hoc
1867 3339 2003 3402 loco
2038 3340 2328 3402 ordinem

832 3454 956 3497 non
1001 3436 1295 3497 observet
1337 3435 1733 3499 historicum.

910 3532 1396 3615 Difficultasque
1443 3534 1666 3607 oritur,
1700 3536 2018 3616 quomodo
2067 3553 2140 3595 ea
2187 3554 2331 3617 quae

835 3632 938 3693 hic
969 3632 1286 3712 leguntur,
1323 3632 1421 3693 his
1453 3652 1596 3713 quae
1627 3633 1690 3693 in
1722 3631 2005 3694 Matthaeo
2041 3632 2334 3694 scribun-

833 3739 936 3792 tur
993 3732 1396 3793 concordent.
1458 3729 1551 3792 Ibi
1611 3731 1854 3812 quippe
1915 3750 2038 3793 non
2101 3732 2332 3812 legitur

833 3828 1118 3892 Christus
1167 3837 1312 3890 ante
1356 3829 1550 3910 hujus
1595 3830 2060 3893 institutionem
2103 3830 2333 3892 oratio-

835 3928 934 3989 nis
977 3946 1209 4000 orasse‚
1247 3946 1363 3989 nec
1411 3928 1740 3991 occasione
1786 3928 2188 3991 allocutionis
2239 3929 2335 3990 di-

834 4026 1063 4108 scipuli
1096 4026 1442 4090 orationem
1475 4026 1638 4087 hanc
1670 4026 1975 4100 docuisse,
2008 4027 2117 4089 sed
2148 4027 2331 4108 quasi

836 4124 1095 4206 proprio
1126 4132 1298 4186 motu
1332 4142 1471 4185 eam
1502 4143 1616 4187 suo
1649 4124 1995 4186 inseruisse
2027 4125 2329 4187 sermoni.

834 4222 952 4285 Sed
985 4224 1062 4285 ad
1093 4222 1226 4285 haec
1258 4224 1720 4303 respondend0‚
1755 4232 1999 4285 certum
2031 4231 2093 4284 et
2123 4230 2333 4286 tutum

2440 3241 2859 3302 reverentiam
2911 3241 2990 3303 ab
3049 3241 3189 3322 ejus
3240 3240 3558 3322 colloquio
3606 3259 3731 3303 non
3793 3247 3942 3301 sunt

2438 3338 2711 3401 faciliter
2750 3338 3179 3413 abstrahendi,
3215 3338 3567 3420 praesertim
3609 3358 3811 3419 quum
3854 3338 3941 3401 lo-

2439 3446 2739 3520 quentem
2774 3456 2919 3499 cum
2954 3456 3099 3517 rege
3128 3445 3379 3500 terreno
3412 3437 3517 3499 vix
3548 3436 3780 3519 aliquis
3808 3436 3941 3497 abs-

2439 3553 2566 3617 que
2625 3535 2999 3597 necessitate
3056 3536 3286 3598 audeat
3340 3553 3626 3609 avocare,
3682 3542 3939 3617 propter

2441 3635 2858 3697 reverentiam
2908 3634 3095 3714 regis.

2522 3734 2820 3800 Domine,
2852 3735 2999 3791 doce
3040 3752 3153 3792 nos
3191 3752 3399 3803 orare,
3436 3734 3605 3791 sicut
3638 3735 3939 3802 Ioanne-S,

2442 3829 2684 3891 scilicet
2742 3828 3037 3911 Baptista,
3088 3831 3310 3890 docuit
3366 3831 3719 3906 discipulos
3772 3850 3939 3889 suos,

2440 3928 2886 3989 Verumtamen
2928 3927 3204 4008 qualiter
3230 3927 3499 3991 Ioannes
3537 3927 3823 3990 docuerit
3852 3928 3947 3989 di-

2442 4025 2723 4107 scipulos
2773 4044 2920 4089 suos
2970 4043 3171 4095 orare,
3215 4031 3277 4087 et
3316 4025 3449 4100 ubi,
3482 4033 3548 4087 et
3583 4044 3776 4106 quam
3818 4024 3945 4088 for—

2444 4142 2608 4185 mam
2642 4124 2861 4185 orandi
2894 4123 2985 4185 eis
3018 4122 3387 4205 praesixerit,
3414 4142 3539 4185 non
3570 4124 3751 4186 docet
3780 4122 3943 4186 Scri-

2444 4230 2631 4304 ptura
2677 4222 2999 4285 canonica.
3047 4222 3334 4302 Insuper,
3382 4221 3677 4302 quamvis
3725 4222 3941 4284 multae

833 4330 932 4383 est
987 4321 1218 4393 dicere,
1272 4321 1424 4402 quia
1472 4320 1842 4401 frequenter
1902 4321 2212 4401 contingit
2265 4320 2757 4384 utDorationes
2812 4320 2877 4381 in
2935 4320 3127 4381 veteri
3180 4320 3578 4383 Testamento
3630 4320 3938 4400 legantur,

835 4421 1004 4501 quod
1041 4439 1204 4481 unus
1235 4418 1633 4500 Evangelista
1663 4419 1897 4493 omisit,
1926 4420 2222 4501 suppleat
2250 4420 2334 4482 al-

837 4527 933 4581 tcr
967 4538 978 4580 :
1013 4519 1550 4599 quemadmodum
1583 4518 1646 4579 in
1681 4518 1800 4581 isto
1832 4518 2135 4599 capitulo,
2173 4520 2336 4580 mul-

841 4626 898 4679 ta
949 4635 987 4678 a
1039 4614 1285 4678 Christo
1339 4616 1416 4677 de
1471 4615 1754 4679 oratione
1815 4615 2057 4697 prolata
2115 4616 2336 4679 recitat

837 4716 1056 4789 LucaS,
1105 4715 1182 4776 de
1221 4712 1458 4795 quibus
1497 4711 1820 4775 Matthaeus
1873 4732 1998 4776 non
2051 4714 2329 4796 scripsit.

839 4814 1018 4877 Forte
1067 4812 1258 4875 etiam
1316 4813 1602 4873 eamdem
1653 4812 1998 4875 orationem
2055 4811 2337 4875 Salvator

839 4913 938 4974 bis
987 4911 1202 4975 docuit
1251 4909 1582 4974 occasione
1635 4909 1905 4983 diversa,
1959 4918 2021 4971 et
2080 4920 2339 4993 propter

841 5013 1146 5083 diverSOS,
1189 5030 1314 5072 uno
1363 5016 1694 5091 praesente,
1729 5027 1929 5089 quum
1979 5009 2185 5072 defuit
2227 5009 2341 5071 ali-

841 5130 937 5172 us.
972 5109 1188 5190 Itaque
1219 5107 1504 5172 Christus
1536 5107 1738 5169 oravit
1779 5109 2132 5169 secundum
2168 5108 2340 5189 quod

843 5208 1053 5283 homo,
1092 5208 1169 5269 ad
1221 5213 1500 5269 nostram
1552 5205 2057 5279 instructionem,
2097 5213 2161 5267 et
2202 5225 2344 5287 pro-

847 5315 986 5392 pter
1017 5305 1430 5387 indigentiam
1465 5311 1767 5378 nostram,
1800 5303 1954 5386 quia
1991 5304 2195 5369 oravit
2226 5323 2341 5386 pro

2444 4418 2799 4501 discipulus
2840 4425 3048 4480 tamen
3082 4418 3310 4481 Christi
3352 4418 3633 4500 aliquam
3670 4418 3945 4499 singula-

2444 4536 2577 4579 rem
2627 4525 2817 4598 atque
2878 4516 3264 4598 praecipuam
3313 4516 3617 4579 orationis
3673 4515 3941 4579 formam

2443 4616 2522 4678 ab
2554 4634 2628 4679 eo
2661 4615 2969 4697 poposcit,
3008 4623 3307 4695 tanquam
3338 4614 3418 4676 ab
3450 4633 3525 4677 eo
3561 4615 3626 4676 in
3659 4634 3789 4697 quo
3818 4623 3942 4678 tam

2446 4714 2862 4776 excellentem
2926 4713 3321 4775 sanctitatem
3387 4714 3739 4795 conspexit,
3802 4732 3945 4794 per·

2448 4814 2731 4895 pendens
2782 4812 2950 4893 quod
3000 4831 3037 4873 a
3082 4810 3455 4873 ferventiori
3506 4811 3947 4894 devotiorique

2448 4911 2635 4972 corde
2666 4908 2992 4972 efficacior
3023 4908 3307 4991 prodiret
3333 4909 3552 4986 oratio,
3585 4928 3788 4991 quum
3818 4929 3950 4974 ora—

2448 5010 2537 5071 tio
2576 5008 2871 5070 desiderii
2914 5008 2996 5070 sit
3035 5008 3351 5089 interpres
3388 5027 3462 5070 ac
3502 5008 3787 5070 nuntiuS.
3830 5008 3951 5071 Un-

2449 5109 2526 5170 de
2556 5113 2619 5168 et
2648 5106 2799 5170 boni
2840 5105 2963 5169 filii
3001 5125 3074 5168 ac
3113 5106 3413 5188 discipuli
3450 5126 3486 5168 a
3518 5106 3947 5169 devotissimis

2451 5204 2737 5288 patribus
2769 5204 2901 5266 suis
2933 5203 3200 5267 sormam
3235 5204 3537 5269 orationis
3569 5212 3783 5287 petere
3808 5224 3949 5269 con—

2450 5311 2813 5381 sueverunt,
2839 5312 3155 5386 quatenus
3186 5304 3409 5367 eodem
3440 5302 3794 5368 devotionis
3824 5304 3949 5386 spi-

3962 2237 4003 2275 5.
