4300 6259
811 479 932 544 460

1607 498 1954 545 manuario
1996 498 2060 545 IN
2103 498 2241 545 cAP.
2290 498 2335 545 Χ
2368 497 2645 545 sonum.
2688 518 2773 529 —
2811 500 2956 546 ΛΒΤ.
3001 500 3125 547 m

809 668 923 750 qui
973 670 1287 733 desiderat
1331 670 1764 753 praelationem
1809 678 1871 732 et
1912 688 2128 733 curam
2178 669 2310 732 ani·
2336 668 2385 731 A
2418 670 2615 753 cipes.
2679 673 2767 733 Ec
2821 672 3040 732 educit
3092 691 3224 740 eas,
3280 671 3357 733 de
3416 669 3519 731 via
3576 668 3654 730 ad
3712 666 3907 749 patri-

811 787 1083 844 marum,
1119 769 1241 831 nisi
1280 770 1393 851 qui
1423 788 1550 832 non
1586 768 1768 831 timet
1794 768 2111 850 judicium
2157 768 2307 831 Dei?

891 870 975 928 Et
1006 888 1148 928 oves
1177 888 1386 929 vocem
1415 870 1557 945 ejus
1585 870 1898 938 audiunt,
1930 867 1992 929 id
2031 873 2148 947 est,
2182 867 2311 929 ele-

810 966 895 1028 cti
944 965 1210 1039 subditi,
1263 966 1376 1047 qui
1426 975 1576 1028 sunt
1622 984 1771 1030 oves
1823 984 1938 1047 per
1986 966 2310 1048 praedesti-

811 1064 1132 1126 nationem
1183 1072 1504 1139 ¹aeternam,
1558 1065 1700 1127 talis
1761 1065 2030 1147 pastoris
2081 1064 2311 1127 doctri-

812 1180 960 1223 nam
1011 1162 1370 1243 suscipiunt
1418 1182 1490 1225 ac
1539 1171 1918 1244 sequuntur.
1970 1162 2309 1225 {lumiliter

813 1260 982 1321 enim
1025 1268 1087 1321 et
1125 1262 1348 1323 devote
1385 1262 1652 1323 audiunt
1691 1268 1754 1323 et
1789 1261 2130 1325 observant
2171 1280 2313 1324 ver-

813 1357 970 1419 bum
1012 1359 1110 1421 sui
1151 1360 1393 1441 praelati
1436 1368 1736 1441 tanquam
1768 1360 1989 1423 vicarii
2021 1359 2255 1423 Christi
2288 1378 2307 1425 τ

814 1458 1350 1537 quemadmodum
1382 1458 1721 1540 Apostolus
1760 1458 1826 1519 in
1859 1457 1992 1521 suis
2021 1458 2309 1540 epistolis

2416 789 2541 845 am,
2588 772 2667 832 de
2713 789 2903 833 carne
2948 772 3028 834 ad
3080 770 3401 853 spiritum.
3456 767 3679 831 Educit
3734 766 3909 827 insu-

2416 890 2533 953 per
2561 888 2666 932 eas
2696 872 2773 933 ad
2805 889 3037 952 pascua
3069 869 3387 932 alimoniae
3424 866 3793 950 spiritualis,
3824 866 3902 927 ad

2418 987 2646 1052 panem
2693 969 2839 1033 vitae
2880 977 2943 1032 et
2986 969 3366 1041 intellectus,
3407 969 3488 1030 ad
3538 983 3765 1048 panem
3808 984 3905 1027 sa-
3930 985 4219 1034 Sedima.

2418 1069 2888 1143 eramentalem,
2947 1068 3024 1130 ad
3090 1067 3456 1130 divinorum
3521 1062 3905 1145 contempla-

2418 1166 2679 1230 tionem.

2497 1268 2583 1327 Ec
2613 1286 2815 1346 quum
2841 1268 3145 1345 proprias
3173 1285 3314 1327 oves
3343 1266 3651 1335 emiserit,
3682 1262 3747 1324 id
3784 1268 3901 1334 est,

2420 1364 2720 1446 praedicto
2751 1364 2937 1427 modo
2966 1364 3277 1437 eduxerit,
3302 1370 3493 1444 atque
3522 1363 3601 1423 de
3628 1358 3905 1422 tenebris

2418 1463 2791 1544 ignorantiae
2838 1471 2903 1525 et
2950 1463 3190 1546 peccati
3248 1463 3315 1525 iu
3368 1462 3578 1524 lucem
3627 1458 3905 1522 veritatis

535 1568 787 1619 Rom-vm:
817 1555 1048 1637 saepius
1104 1556 1412 1637 gloriatur
1471 1557 1537 1619 in
1585 1556 1852 1621 Domino
1900 1558 1978 1619 dc
2025 1557 2159 1619 suis
2218 1557 2313 1619 di-

523 1630 786 1745 ξζεοξρἶῇ
818 1654 1082 1736 scipulis
1125 1673 1236 1717 seu
1276 1656 1532 1737 populis
1572 1675 1608 1717 a
1647 1673 1715 1718 se
1757 1656 2102 1749 conversis,
2136 1656 2311 1737 quod

2416 1680 2523 1721 eas
2561 1662 2767 1727 vadit,
2800 1660 2864 1721 id
2908 1666 3023 1732 est,
3069 1658 3137 1721 in
3182 1658 3284 1722 via
3324 1656 3433 1719 Dei
3482 1657 3655 1738 ipsas
3699 1672 3911 1717 exem-

519 1759 732 1862 }hj'fj
747 1758 790 1862 εξ
818 1773 996 1816 suam
1043 1754 1556 1836 praedicationem
1605 1774 1751 1817 cum
1799 1756 1975 1818 omni
2018 1755 2311 1818 attentio-
2420 1757 2681 1839 plariter
2711 1757 2913 1839 praeit,
2938 1758 3095 1820 etin
3128 1757 3408 1821 virtuosa
3435 1752 3909 1818 conversatione

521 1882 787 1933 9;.,‚13‚14,
817 1870 899 1913 ne
928 1860 991 1913 et
1021 1854 1372 1915 reverentia
1401 1860 1845 1935 perceperunt.
1880 1852 2054 1926 Quod
2087 1853 2309 1935 utique
2345 1852 2394 1915 B
2419 1856 2687 1930 excedit,
2721 1856 3011 1919 faciendo
3048 1856 3219 1937 quod
3260 1856 3461 1928 docet,
3502 1860 3566 1915 et
3607 1870 3735 1915 non
3772 1868 3913 1913 ver-

817 1959 1065 2031 oportet
1112 1968 1369 2014 omnem
1427 1950 1752 2013 subditum
1808 1951 2144 2033 diligenter
2194 1951 2312 2013 im-
2418 1955 2500 2018 bo
2530 1956 2873 2027 dumtaxat,
2899 1955 3010 2016 sed
3039 1971 3228 2034 opere
3258 1970 3515 2035 quoque
3546 1950 3711 2013 viam
3740 1967 3914 2041 mon·

820 2050 1017 2130 plere,
1051 2050 1355 2131 quoniam
1395 2050 1670 2131 praelatis
1710 2050 1996 2132 loquitur
2023 2049 2310 2113 Christus
2419 2054 2696 2127 strando,
2762 2053 3299 2134 quemadmodum
3365 2051 3443 2112 ad
3510 2048 3909 2111 Timotheum

535 2162 790 2213 Laesae.
817 2149 983 2229 apud
1016 2148 1248 2210 Lucam
1285 2167 1298 2210 :
1332 2147 1447 2219 Qui
1491 2166 1600 2211 vos
1636 2148 1832 2223 audit,
1867 2166 1970 2210 me
2008 2149 2216 2228 audit3
2248 2156 2313 2209 et
2417 2151 2647 2214 Paulus
2696 2151 2785 2213 ait
2830 2168 2844 2213 :
2894 2150 3038 2214 Esto
3088 2150 3454 2232 exemplum
3502 2146 3795 2210 fidelium
3841 2145 3909 2207 in

2418 1578 2491 1623 ac
2530 1560 2935 1643 splendorem
2966 1560 3273 1622 virtutum
3311 1556 3729 1637 transtulerit,
3760 1564 3909 1617 ante

3981 2162 3996 2203 l
4020 2162 4135 2203 Tin.
4150 2175 4211 2207 w.

3942 2227 4011 2275 ¹2.
4030 2228 4101 2275 ¹5,
4120 2228 4183 2267 {fi-

522 3241 787 3295 Pramus-n,

524 3308 592 3349 23.

534 5118 663 5161 neue.
686 5131 716 5169 ι,
733 5120 800 5160 ¹3.
831 5102 1065 5185 Moyses
1110 5120 1124 5165 :

817 2246 932 2328 qui
979 2264 1087 2309 vos
1132 2246 1398 2328 spernit,
1433 2264 1536 2308 me
1577 2247 1846 2328 spernit.

896 2347 984 2406 Et
1023 2347 1330 2423 proprias
1377 2364 1518 2405 oves
1557 2355 1738 2407 vocat
1784 2347 2204 2413 nominatim,
2246 2344 2310 2407 id

817 2451 932 2518 est,
985 2442 1269 2524 singulos
1329 2442 1730 2506 subditorum
1788 2462 2050 2507 suorum
2109 2444 2314 2505 deter-

817 2542 1053 2605 minate
1095 2542 1438 2623 cognoscit,
1470 2544 1550 2605 ad
1589 2542 1853 2606 meliora
1892 2543 2201 2617 hortatur,
2235 2543 2313 2605 ad

813 2640 1185 2704 felicitatem
1245 2641 1492 2716 invitat,
1547 2642 1834 2705 omnium
1891 2659 2099 2705 mores
2162 2660 2316 2724 pen-

815 2741 1032 2813 sando,
1067 2740 1223 2822 quid
1264 2740 1532 2820 singulis
1576 2741 1870 2822 expediat
1915 2741 2315 2822 perpenden-

815 2840 916 2914 do,
972 2838 1217 2901 cunctis
1265 2838 1666 2901 familiariter
1725 2840 2310 2913 condescendendO,

815 2938 1157 3019 unicuique
1187 2938 1524 2999 secundum
1556 2938 1874 3019 propriam
1908 2937 2317 3019 capacitatem

2419 2248 2636 2323 verbo,
2674 2248 2737 2311 in
2778 2248 3277 2323 conversatione,
3322 2247 3387 2309 in
3430 2247 3725 2321 caritate;
3768 2262 3913 2327 pro-

2418 2347 2623 2410 fectus
2670 2355 2819 2411 tuus
2859 2346 3233 2410 manifestus
3274 2346 3356 2409 sit
3395 2344 3694 2410 omnibus
3727 2362 3742 2406 ε
3776 2344 3914 2406 haec

2420 2447 2594 2510 enim
2641 2446 2904 2521 faciem,
2946 2454 3009 2509 te
3048 2445 3261 2527 ipsum
3311 2444 3561 2507 salvum
3599 2443 3815 2522 facieS,
3846 2449 3914 2504 et

2420 2564 2527 2610 eos
2574 2546 2687 2627 qui
2730 2554 2792 2608 te
2833 2546 3122 2607 audiunt.

2515 2645 2823 2726 Denique,
2874 2663 3077 2726 quum
3128 2642 3423 2726 praelatus
3473 2642 3556 2704 sit
3601 2639 3781 2722 quasi
3832 2639 3919 2701 si-

2418 2761 2617 2825 gnum
2659 2744 2736 2805 ad
2775 2744 2949 2824 quod
2987 2742 3274 2805 omnium
3316 2739 3717 2803 subditorum
3744 2736 3918 2820 oculi

2422 2842 2807 2923 diriguntur,
2834 2841 2975 2904 ideo
3006 2840 3165 2902 nihil
3196 2846 3442 2903 tantum
3474 2836 3746 2901 aedificat
3774 2835 3923 2897 sub-

2422 2941 2608 3014 ditos,
2643 2940 2742 3003 vel
2788 2947 3037 3002 tantum
3078 2938 3323 3002 confert
3358 2938 3435 2999 ad
3474 2953 3727 3000 omnem
3775 2952 3921 3017 pro-

816 3055 890 3098 ac
941 3036 1356 3117 indigentiam
1409 3036 1823 3117 providendo,
1878 3035 2317 3099 subveniendo
2352 3031 2396 3095 C
2424 3038 2663 3101 fectum
2709 3038 3041 3112 virtutum,
3084 3044 3153 3097 ut
3200 3035 3365 3099 bona
3406 3042 3469 3097 et
3516 3032 3923 3115 irreprehen-

819 3143 881 3196 et
921 3133 1274 3209 influendo,
1309 3134 1844 3216 quemadmodum
1877 3133 2170 3197 Salomon
2210 3135 2317 3196 ad-

821 3240 1038 3295 monet
1082 3232 1146 3293 in
1194 3231 1360 3296 libro
1403 3231 1886 3295 proverbiorum
1923 3252 1938 3295 ε
1976 3231 2317 3313 Diligenter

817 3348 1090 3412 agnosce
1131 3331 1378 3416 vultum
1422 3330 1666 3412 pecoris
1705 3329 1823 3405 tui,
1862 3337 2136 3412 tuosque
2177 3348 2317 3411 gre-

816 3448 926 3511 ges
967 3429 1316 3492 considera.
1351 3427 1890 3501 Quemadmodum
1922 3428 2093 3490 enim
2125 3428 2319 3491 medi-

819 3547 931 3591 cus
963 3547 1302 3610 corporum
1333 3527 1795 3609 dispositiones
1817 3527 2311 3609 complexioneS,

819 3634 1012 3707 atque
1050 3624 1418 3688 morborum
1465 3625 1861 3688 diversitates
1907 3625 1971 3687 in
2018 3625 2316 3706 languido

822 3732 1065 3807 pensat,
1117 3733 1432 3806 quatenus
1494 3724 1843 3806 unicuique
1889 3724 2319 3787 medicamen-

821 3833 956 3886 tum
997 3843 1128 3887 suae
1165 3823 1565 3905 dispositioni
1599 3842 1673 3885 ac
1706 3822 1929 3886 morbo
1966 3822 2319 3905 proportio-

821 3929 1041 3983 natum
1071 3929 1348 4003 apponat
1376 3922 1574 4003 (quod
1606 3921 1779 3983 enim
1822 3921 1928 3983 uni
1965 3922 2313 4003 prodesset,

822 4019 1073 4084 obesset
1129 4020 1392 4101 alteri);
1452 4020 1544 4081 sic
1605 4020 1901 4101 praelatus
1959 4028 2022 4081 et
2078 4028 2313 4102 pastor,

822 4137 1026 4199 quum
1083 4118 1166 4179 sit
1223 4117 1508 4180 medicus
1563 4117 1944 4193 animarum,
1994 4119 2318 4180 attendere

2424 3137 2631 3200 sibilis
2700 3136 2831 3199 vita
2896 3134 3189 3217 pastoris.
3250 3134 3574 3215 Frequens
3642 3148 3921 3211 namque

2424 3254 2727 3299 occursus
2765 3242 2828 3297 et
2865 3232 3273 3315 quotidianus
3320 3232 3658 3312 adspectus
3704 3229 3771 3291 in
3810 3228 3923 3290 ha-

2426 3334 2632 3396 bitum
2690 3332 2980 3405 vertitur,
3042 3338 3233 3413 atque
3290 3329 3355 3391 in
3415 3328 3714 3391 cordibus
3770 3326 3924 3388 sub—

2426 3432 2698 3495 ditorum
2749 3449 2963 3495 veram
3012 3430 3079 3491 in
3121 3428 3454 3492 virtutibus
3503 3425 3919 3491 constantiam

2425 3537 2744 3613 operatur.
2797 3528 3055 3610 Oportet
3100 3545 3249 3608 ergo
3300 3526 3626 3609 praelatum
3677 3525 3744 3586 in
3794 3524 3923 3587 vir-

2425 3636 2560 3693 tute
2618 3634 2681 3689 et
2736 3625 3049 3708 sapientia
3098 3624 3389 3687 stabilem
3438 3640 3599 3697 esse,
3650 3640 3733 3684 ne
3779 3640 3925 3703 pas-

2426 3725 2715 3789 sionibus
2772 3725 3064 3805 agitetur,
3127 3740 3207 3785 ne
3276 3739 3689 3805 personarum
3745 3738 3923 3783 acce—

2428 3832 2571 3907 ptor
2629 3823 2731 3897 sit,
2786 3841 2866 3885 ne
2925 3840 3125 3884 unum
3186 3838 3316 3903 prae
3370 3819 3496 3883 alio
3555 3819 3771 3901 palpet
3817 3818 3919 3880 vel

2426 3922 2713 3996 tribulet,
2758 3940 2837 3984 ne
2887 3920 3133 4003 privato
3184 3936 3399 3981 amore
3446 3917 3546 3979 vel
3596 3917 3741 3981 odio
3785 3935 3926 3980 cor-

2428 4028 2801 4103 rumpatur3
2844 4020 2954 4082 sed
2996 4018 3193 4080 Deum
3242 4034 3495 4098 semper
3543 4034 3675 4098 prae
3716 4015 3923 4079 oculis

2428 4120 2676 4194 habeat,
2707 4118 2945 4200 jugiter
2972 4117 3293 4192 formidet,
3326 4134 3407 4177 ne
3439 4132 3552 4197 per
3586 4133 3765 4177 suam
3810 4114 3926 4176 im-

824 4216 1012 4278 debet
1054 4215 1519 4291 inclinationeS,
1568 4224 1777 4279 motus
1826 4223 1889 4277 et
1937 4216 2145 4279 studia
2192 4216 2319 4278 sin·
2350 4222 2401 4285 D
2431 4216 2885 4302 perfectionem
2932 4223 3041 4278 aut
3088 4213 3466 4296 injustitiam
3514 4211 3796 4294 aliquem
3844 4230 3925 4275 ex

822 4315 1141 4395 gulorum,
1201 4314 1423 4395 sicque
1482 4331 2011 4396 unumquemque
2067 4334 2104 4375 a
2150 4315 2320 4378 malo

825 4412 1146 4475 retrahere
1211 4419 1272 4474 et
1328 4412 1403 4474 ad
1465 4412 1732 4475 virtutes
1798 4412 2148 4493 provehere
2208 4430 2321 4495 per

827 4511 1036 4573 media
1081 4510 1324 4593 aptiora
1359 4511 1578 4591 :quod
1623 4529 1748 4573 non
1789 4516 1884 4572 est
1934 4529 2157 4592 parum
2202 4510 2323 4574 dif-

827 4608 1020 4672 ficile.
1057 4608 1317 4690 Propter
1357 4609 1528 4689 quod
1570 4608 2023 4672 convenienter
2059 4610 2148 4671 ait
2176 4608 2325 4672 Gre-

825 4708 1041 4790 gorius
1089 4726 1103 4771 :
1151 4709 1266 4769 Ars
1315 4707 1549 4769 artium
1601 4715 1696 4769 est
1743 4707 2028 4787 regimen
2077 4707 2323 4770 anima-

827 4826 992 4870 rum.
1041 4806 1116 4869 Et
1159 4825 1386 4887 magna
1428 4806 1610 4868 valde
1659 4804 1988 4888 perfectio,
2022 4807 2326 4868 exercita-

827 4905 938 4980 tio,
984 4904 1220 4976 unctio‚
1269 4904 1586 4979 discretio,
1633 4903 1909 4984 exigitur
1955 4906 2034 4967 ad
2081 4904 2323 4968 bonum

830 5004 1185 5086 praelatum.
1220 5002 1395 5065 Unde
1427 5002 1491 5063 in
1523 5001 2008 5066 Deuteronomio
2039 5002 2326 5085 loquitur

1168 5100 1316 5163 Date
1364 5119 1442 5163 ex
1482 5100 1662 5164 vobis
1710 5100 2026 5183 sapientes
2071 5109 2133 5163 et
2174 5119 2328 5182 gna-

830 5221 955 5274 roS‚
1008 5219 1286 5283 quorum
1345 5200 1739 5264 conversatio
1797 5201 1880 5263 sit
1937 5201 2200 5283 probata
2259 5201 2323 5263 in

830 5298 1128 5363 tribubus
1161 5298 1410 5373 vestris,
1445 5304 1508 5360 et
1537 5317 1770 5385 ponam
1802 5318 1908 5363 eos
1940 5299 2120 5363 vobis
2153 5298 2329 5381 prin-

2428 4316 2552 4379 sibi
2584 4314 2943 4379 commissis
2976 4312 3373 4376 scandalizet.
3408 4310 3705 4373 Praelatus
3734 4311 3927 4393 quip-

2432 4434 2512 4497 pe
2568 4422 2664 4476 est
2716 4412 2911 4494 judex
2969 4422 3031 4475 et
3088 4418 3278 4493 caput
3335 4410 3472 4474 sive
3529 4408 3925 4491 principium

2428 4512 2637 4595 gregis
2684 4512 2807 4575 sui.
2858 4511 3057 4573 Iudex
3102 4514 3339 4587 autem,
3383 4507 3735 4570 secundum
3784 4507 3931 4570 Phi-

2432 4611 2792 4693 losophum,
2828 4609 3015 4673 debet
3051 4626 3189 4670 esse
3228 4606 3409 4688 quasi
3439 4605 3718 4668 animata
3743 4604 3931 4687 justi-

2429 4711 2519 4774 tia
2575 4710 2849 4790 vivaque
2905 4709 3029 4783 lex,
3092 4725 3410 4788 nusquam
3464 4704 3543 4767 ab
3610 4704 3929 4787 aequitatis

2431 4809 2685 4871 tramite
2729 4808 3012 4870 devians.
3052 4805 3335 4868 Primum
3377 4821 3637 4885 quoque
3682 4802 3749 4865 in
3794 4822 3931 4867 om-

2432 4907 2500 4969 ni
2550 4906 2795 4981 ordine,
2848 4913 2944 4967 est
2990 4921 3289 4966 mensura
3336 4910 3400 4964 et
3446 4900 3665 4982 regula
3713 4909 3929 4983 poste-

2434 5006 2697 5069 riorum.
2749 5002 3104 5066 Mensuram
3154 5018 3304 5064 vero
3360 5008 3423 5063 et
3480 5000 3766 5081 regulam
3816 5018 3933 5062 ne-

2434 5120 2611 5166 cesse
2650 5110 2747 5164 est
2792 5120 2930 5164 esse
2974 5099 3360 5163 uniformem
3401 5117 3475 5160 ac
3512 5097 3875 5180 simplicem
3909 5116 3925 5162 ε

2434 5200 2617 5264 aliter
2648 5220 2775 5264 non
2809 5206 3069 5282 possent
3096 5198 3218 5261 alia
3256 5213 3374 5279 per
3402 5214 3542 5258 eam
3569 5197 3931 5259 mensurari

2436 5318 2510 5362 ac
2558 5297 2856 5380 regulari.
2899 5296 2993 5360 Sit
3029 5314 3179 5378 ergo
3221 5294 3516 5378 praelatus
3560 5292 3929 5371 uniformis,
