4300 6259
1183 543 1532 593 suamne
1573 544 1638 591 m
1680 544 1819 591 CAP-
1864 534 2270 593 m'somNIS.
2316 566 2397 579 —-
2438 547 2580 593 ΛΒΤ.
2627 537 2712 595 XX

3374 532 3489 597 421

363 706 595 795 passio
626 707 1070 799 impediretur.
1104 715 1312 781 Potest
1350 735 1608 798 quoque
1645 716 1770 779 alia
1799 712 1968 778 ra-A
1999 714 2074 777 Et
2132 723 2224 791 tu,
2284 716 2650 781 Bethlehem
2710 720 3006 802 Ephrata,
3068 738 3145 783 ex
3207 728 3269 783 te
3328 720 3489 783 mihi
3518 739 3784 813 mensa.

359 812 470 877 tio
516 814 687 889 addi,
740 815 895 897 quia
943 834 1070 878 non
1121 816 1334 878 decuit
1381 815 1668 877 membra
1717 823 1889 879 tanta

357 907 582 991 gratia
629 914 938 989 decorari,
991 914 1113 975 nisi
1171 914 1378 996 capite
1437 914 1710 977 totaliter
1755 914 1888 995 glo-

363 1010 657 1087 rificate,
691 1013 1000 1094 omnique
1037 1013 1240 1094 gratia
1281 1013 1686 1077 accidentalis
1733 1032 1890 1095 prae-

367 1110 500 1173 mii
544 1112 870 1175 adornato.
1003 1106 1012 1117 “

125 1212 208 1267 40
467 1214 578 1272 Em
606 1213 734 1271 illa
759 1230 908 1289 erqo
941 1212 1156 1281 turba,
1187 1231 1390 1291 quum
1419 1212 1751 1271 audissent
1779 1213 1890 1271 hos

370 1329 708 1371 sermones
743 1311 908 1387 ejus,
948 1309 1076 1391 qui*
1107 1316 1287 1371 erant
1336 1309 1750 1391 pulcherrimi
1801 1318 1892 1371 at-

371 1427 515 1490 que
557 1408 974 1471 vehementer
1029 1408 1358 1485 notabileS,
1410 1410 1708 1470 dicebant
1754 1408 1892 1490 qui—

373 1508 533 1569 dam
578 1525 592 1570 t
638 1508 770 1569 Hic
811 1516 903 1568 est
951 1528 1098 1568 vere
1137 1510 1474 1587 propheta.
1528 1505 1888 1570 Secundum

371 1606 636 1689 Lyram,
670 1624 786 1688 per
826 1606 1202 1689 prophetam
1252 1606 1704 1668 intellexerunt
1747 1606 1893 1669 Pro-

375 1705 648 1787 phetam
707 1704 893 1767 illum
942 1705 1442 1768 antonomastice
1499 1706 1762 1779 dictum,
1814 1706 1892 1767 de

43 1820 338 1927 ss‘ffsssw'*
375 1822 516 1886 quo
563 1802 803 1885 Moyses
851 1803 1111 1885 scripsit
1155 1822 1168 1866 :
1209 1803 1588 1886 Prophetam
1633 1804 1894 1867 suscita-

97 1899 108 1933 :
182 1898 208 1928 c
237 1898 340 1936 .u1‚

375 2010 696 2083 tanquam
746 2018 872 2063 me.
923 1999 1045 2064 Sed
1095 2020 1298 2082 quum
1349 2000 1468 2063 hoe
1516 2000 1757 2063 dictum
1812 2002 1894 2063 sit

380 2101 466 2163 de
495 2099 747 2163 Christo
776 2101 853 2162 ad
883 2100 1178 2173 litteram,
1201 2107 1265 2161 et
1292 2098 1692 2180 Evangelista
1722 2118 1893 2163 nunc

133 2208 212 2264 41
379 2198 641 2273 subdat,
695 2200 842 2260 Alii
886 2200 1208 2270 dicebant,
1259 2199 1388 2260 Hie
1437 2207 1527 2259 est
1579 2199 1886 2270 Christus,

377 2296 686 2379 sequitur
712 2298 885 2378 quod
915 2295 1011 2358 illi
1045 2314 1158 2379 per
1196 2296 1594 2379 prophetam,
1631 2315 1756 2358 non
1798 2296 1892 2357 in-

379 2396 779 2459 tellexerunt
833 2395 1155 2459 Christum
1215 2395 1554 2459 Dominum
1613 2394 1889 2477 Prophe-

383 2504 621 2570 tarum,
665 2495 776 2557 sed
825 2494 1202 2577 prophetam
1251 2494 1651 2576 simpliciter,
1697 2512 1890 2575 quem

381 2594 704 2657 vocabant
731 2611 882 2657 vere
921 2594 1318 2675 prophetam,
1352 2592 1415 2655 id
1453 2599 1550 2654 est
1585 2592 1891 2655 divinitus

379 2693 847 2756 illuminatum.
881 2691 998 2765 Qui
1039 2678 1252 2753 autem
1295 2690 1612 2765 dixerunt,
1647 2690 1759 2754 Hic
1799 2698 1892 2753 est

383 2790 704 2865 ChristuS‚
739 2791 968 2852 melius
1008 2790 1570 2853 consideraverunt
1601 2789 1792 2853 verba
1832 2797 1895 2852 et

381 2909 586 2973 opera
637 2890 807 2953 Iesu.
867 2888 984 2963 Qui
1044 2907 1194 2953 vero
1253 2890 1571 2963 dixerunt,
1627 2888 1741 2953 Hic
1798 2896 1895 2951 est

383 3007 542 3053 vere
590 2988 923 3072 propheta,
971 2993 1364 3062 erraverunt,
1411 2987 1463 3049 si
1516 2987 1890 3070 prophetam

1998 816 2357 895 egredietur
2420 817 2533 899 qui
2594 818 2679 879 sit
2736 820 3091 882 dominator
3149 820 3215 881 in
3276 819 3488 882 Israel.

1997 912 2305 986 Quoniam
2352 933 2501 996 ergo
2560 924 2867 979 noverant
2910 916 3123 979 Jesum
3182 918 3494 980 nutritum

1999 1012 2065 1074 in
2109 1011 2409 1075 Nazareth
2455 1014 2615 1077 urbe
2650 1014 2938 1089 Galilaeae,
2975 1016 3282 1097 putabant
3322 1017 3493 1098 quod

2000 1112 2092 1174 ibi
2139 1119 2325 1173 natus
2366 1111 2614 1188 fuisset,
2658 1120 2721 1176 et
2764 1132 2878 1196 per
2920 1132 3317 1196 consequens
3366 1110 3493 1177 non

1999 1217 2170 1273 esset
2209 1194 2518 1273 Christus.

2081 1311 2405 1369 Dissensio
2436 1298 2661 1389 itaque
2685 1311 2863 1387 faeta
2894 1320 2985 1371 est
3014 1313 3087 1372 in
3125 1313 3315 1372 turba
3344 1331 3498 1389 pro-
3628 1317 3701 1375 43

1992 1416 2140 1485 pter
2196 1428 2362 1477 eum,
2420 1407 2687 1470 diversis
2755 1408 3005 1471 diversa
3072 1408 3493 1471 sentientibus

2000 1512 2193 1587 atque
2249 1506 2628 1568 dicentibus.
2684 1510 2968 1576 Quidam
3015 1517 3231 1568 autem
3274 1528 3357 1568 ea·
3398 1510 3499 1585 ip-
3628 1515 3702 1572 44

2000 1606 2089 1666 sis
2125 1605 2419 1665 volebant
2460 1608 2935 1681 apprehendere
2980 1625 3150 1673 eum,
3200 1614 3495 1687 putantes

2002 1704 2173 1785 quod
2210 1720 2328 1764 nec
2359 1702 2666 1784 propheta
2704 1721 2819 1766 nec
2849 1703 3133 1766 Christus
3164 1712 3351 1779 esset,
3386 1707 3497 1769 sed

2003 1804 2318 1865 seductor.
2352 1800 2545 1863 Erant
2582 1802 2754 1864 enim
2784 1802 3083 1865 obstinati
3116 1809 3178 1865 et
3207 1804 3492 1886 pessimi,

373 1903 482 1965 bit
540 1902 724 1965 vobis
781 1901 1087 1965 Dominus
1142 1902 1221 1964 de
1277 1901 1581 1964 fratribus
1641 1902 1889 1977 vestris,
1930 1899 2367 1983 Biuminique
2406 1900 2696 1962 rebelles.
2729 1903 2861 1962 Sed
2883 1922 3069 1962 nemo
3100 1904 3280 1963 misit
3306 1924 3499 1981 super
3568 1921 3653 1965 10⁶
3678 1934 3789 1991 mv,

2003 2003 2199 2062 illum
2236 2019 2495 2067 manus,
2528 2000 2679 2081 quia
2719 1999 2921 2063 noluit
2959 2000 3267 2077 Christus,
3301 2008 3365 2063 et
3396 2020 3500 2065 eo-
3528 1987 3595 2027 ¹³·

2003 2120 2146 2162 rum
2192 2098 2566 2181 pravitatem
2610 2099 2931 2181 repressit.

2089 2200 2411 2260 Venerunt
2439 2218 2587 2275 erqo
2617 2197 2909 2257 ministri
2946 2197 3058 2279 qui
3097 2198 3277 2261 missi
3319 2206 3501 2261 erant
3632 2210 3704 2267 45

2003 2302 2073 2357 ut
2117 2302 2415 2377 caperent
2457 2294 2693 2369 Jesum,
2735 2298 2822 2355 ad
2854 2300 3191 2375 pontifices
3233 2306 3293 2358 et
3328 2300 3502 2361 Pha-

1999 2397 2239 2466 rtsoeos,
2286 2413 2323 2455 a
2370 2393 2607 2474 quibus
2655 2392 2909 2456 fuerant
2956 2395 3157 2469 missi,
3210 2405 3270 2455 et
3316 2399 3502 2457 dixe-

1999 2503 2160 2554 runt
2186 2496 2300 2565 eis,
2333 2492 2396 2555 id
2427 2499 2523 2553 est
2562 2492 2894 2569 ministris,
2930 2495 3039 2553 illi
3069 2514 3091 2553 .·
3126 2497 3339 2563 Quare
3364 2516 3499 2557 non

1998 2591 2372 2653 adduoeistis
2419 2612 2567 2652 eum
2611 2598 2867 2673 captum
2911 2597 2973 2653 et
3010 2591 3346 2655 vinctum?
3380 2598 3505 2657 Re·
3632 2595 3705 2651 46

1999 2693 2398 2768 sponderunt
2454 2692 2749 2752 ministri
2794 2712 2817 2749 .·
2863 2693 3217 2771 Nunquam
3268 2693 3363 2752 sic
3414 2698 3503 2753 lo-

2000 2799 2186 2849 cutus
2234 2799 2324 2849 est
2382 2791 2588 2862 home,
2638 2790 2806 2849 sicut
2857 2790 2963 2849 hic
3016 2790 3308 2867 loquitur
3360 2811 3383 2850 .·
3433 2790 3498 2852 id

2001 2893 2130 2962 est„
2152 2893 2324 2949 tanta
2354 2893 2449 2948 est
2478 2888 2789 2969 sapientia
2824 2895 3015 2969 atque
3044 2887 3343 2951 facundia
3370 2889 3501 2951 oris

2002 2986 2126 3066 sui,
2168 2993 2297 3048 tam
2343 2993 2656 3069 prompte,
2698 2986 2983 3050 ordinate
3030 2993 3093 3048 et
3140 2987 3503 3050 doctrinali-

384 3094 810 3171 sumpserunt
856 3087 922 3149 in
972 3086 1206 3168 specie,
1258 3086 1705 3167 distinguendo
1750 3085 1894 3149 Pro-
1929 3086 1974 3151 C
2004 3091 2098 3146 ter
2146 3084 2451 3166 loquitur,
2502 3085 2673 3166 quod
2731 3103 2919 3147 nemo
2966 3085 3025 3146 ei
3073 3084 3303 3147 similis
3350 3084 3535 3147 fuit.-

385 3188 652 3270 phetam
727 3193 948 3249 contra
1021 3184 1360 3248 Dominum
1436 3183 1892 3266 Prophetarum

378 3284 714 3349 Christum
742 3283 978 3357 Iesum,
1003 3282 1115 3365 qui
1147 3281 1273 3344 fuit
1303 3282 1611 3364 propheta
1639 3289 1703 3344 et
1732 3301 1895 3344 com-

383 3384 766 3468 prehensor,
799 3380 1083 3445 Salvator
1121 3388 1182 3443 et
1219 3380 1370 3442 finis
1408 3380 1887 3464 Prophetarum.

473 3484 760 3553 Quidam
797 3489 1014 3541 autem
1055 3479 1392 3554 inereduli,
1426 3480 1708 3543 volentes
1751 3498 1893 3561 pro-

381 3582 544 3644 bare
581 3578 949 3642 testimonio
988 3576 1460 3660 Scripturarum
1503 3578 1675 3660 quod
1713 3576 1891 3639 Jesus

383 3700 520 3743 non
569 3685 737 3742 esset
781 3677 1087 3750 Christus,
1137 3678 1434 3737 dicebant
1480 3696 1504 3735 .·
1549 3678 1892 3755 Numquid

380 3801 426 3840 a
471 3779 752 3839 Galiloea
801 3778 976 3837 venit
1020 3776 1362 3837 Christus?
1399 3774 1582 3855 quasi
1627 3773 1887 3836 dicant:

379 3877 438 3939 A
470 3873 802 3958 provincia
838 3872 1108 3937 Galilaeae
1146 3871 1432 3934 Christus
1475 3889 1601 3932 non
1647 3877 1743 3931 est
1784 3871 1893 3932 de-

145 3992 224 4048 42
377 3992 747 4046 scensuruS,
770 3972 1142 4045 nascituruS,
1164 3987 1274 4031 seu
1305 3970 1706 4032 adventurus
1723 3971 1894 4033 Non-

377 4096 466 4136 ne
496 4074 848 4150 Scriptura
877 4072 1066 4139 dicit,
1099 4071 1259 4150 quia
1288 4090 1370 4129 ea>
1399 4070 1640 4130 semine
1671 4070 1892 4129 David

375 4184 442 4235 et
491 4175 574 4232 de
619 4173 990 4233 Bethlehem
1037 4172 1315 4241 castelle,
1369 4168 1431 4230 id
1488 4174 1585 4229 est
1643 4169 1891 4239 modica

2001 3183 2127 3246 Nec
2187 3183 2444 3257 mirum,
2497 3201 2698 3265 quum
2755 3182 2896 3265 ipse
2942 3182 3025 3244 sit
3073 3182 3336 3244 unicum
3389 3182 3499 3246 Dei

2001 3282 2303 3357 Verbum,
2336 3282 2508 3363 quod
2548 3299 2673 3344 non
2715 3280 2955 3343 laborat
2995 3281 3059 3342 in
3088 3280 3305 3343 verbo.
3342 3280 3499 3344 Hinc

2001 3379 2091 3442 ait
2130 3379 2461 3442 Psalmista
2494 3398 2507 3442 :
2541 3378 2789 3441 Diffusa
2824 3385 2919 3441 est
2956 3379 3157 3460 gratia
3202 3379 3267 3441 in
3312 3379 3499 3441 labiis
3528 3404 3790 3458 amna.

2002 3479 2150 3542 tuis.
2186 3478 2262 3539 Et
2298 3479 2365 3541 in
2404 3478 2574 3540 Luca
2612 3478 2880 3558 legitur:
2914 3476 3143 3539 Omnes
3184 3478 3501 3541 miraban-
3533 3505 3789 3557 Lucana.

2001 3585 2106 3639 tur
2150 3578 2215 3639 in
2256 3576 2467 3639 verbis
2508 3576 2725 3657 gratiae
2766 3595 2909 3658 quae
2953 3575 3380 3658 procedebant
3420 3578 3499 3639 de

2001 3694 2111 3739 ore
2154 3676 2317 3757 ejus,

2084 3776 2572 3851 Responderunt
2600 3792 2747 3850 erqo
2776 3773 2869 3833 eis
2896 3774 3267 3835 Pharisaei:
3289 3774 3499 3839 Num-
3630 3774 3702 3831 47

2002 3874 2166 3951 quid
2215 3880 2275 3931 et
2330 3892 2435 3931 vos
2483 3871 2731 3931 seducti
2780 3872 2951 3943 estis,
3012 3869 3077 3932 id
3140 3877 3255 3947 est,
3317 3872 3500 3934 dece-

2003 3972 2095 4054 pti
2124 3970 2297 4044 es'tiS,
2331 3976 2624 4053 putantes
2662 3976 2920 4052 propter
2951 3969 3497 4051 pulchritudinem

2003 4070 2345 4134 verborum
2409 4068 2570 4151 ejuS,
2632 4068 2803 4150 quod
2870 4068 2952 4130 sit
3013 4069 3325 4151 propheta
3390 4076 3501 4131 aut

2003 4169 2334 4232 Christus?
2384 4166 2599 4249 Aliqui
2646 4167 2888 4241 dicunt,
2941 4167 3112 4247 quod
3160 4168 3264 4228 isti
3315 4167 3501 4230 mini-

379 4271 580 4350 urbe3
613 4270 738 4344 vel,
774 4268 1062 4342 Caste110,
1104 4267 1168 4330 id
1209 4274 1304 4329 est
1342 4268 1550 4341 dome,
1585 4270 1700 4329 ubi
1726 4278 1886 4341 erat,
1918 4267 1970 4331 D
2002 4268 2137 4341 stri,
2173 4266 2466 4349 quamvis
2505 4265 2670 4327 mala
2709 4265 3059 4329 intentione
3096 4272 3501 4329 accesserunt

377 4370 450 4434 id
491 4377 588 4433 est
627 4367 936 4430 habitavit
974 4374 1038 4429 et
1074 4373 1250 4430 ortus
1291 4373 1406 4440 est,
1441 4368 1681 4439 David,
1715 4368 1892 4428 venit

381 4468 740 4533 Christus?
785 4465 1109 4529 Christum
1163 4464 1557 4527 nasciturum
1617 4483 1755 4527 esse
1813 4466 1891 4527 de

379 4566 634 4631 semine
670 4565 889 4639 David,
925 4563 1421 4647 praenuntiatum
1458 4561 1583 4624 fuit
1622 4562 1687 4626 in
1727 4562 1892 4625 Psal-

89 4696 348 4741 acum,
379 4684 496 4729 mo
538 4684 552 4729 ε
595 4664 681 4727 De
729 4663 944 4726 fructu
994 4662 1232 4725 ventris
1281 4661 1373 4723 tui
1423 4681 1654 4744 ponam
1699 4680 1892 4743 super

57 4762 332 4868 firmas
381 4764 603 4827 sedem
651 4772 867 4840 tuam;
910 4768 971 4823 et
1017 4760 1188 4842 apud
1229 4760 1586 4834 Jeremiam,
1620 4757 1893 4822 Suscita-

140 4854 152 4863 “
335 4846 350 4859 ’
381 4863 476 4925 bo
529 4860 725 4924 David
780 4877 1044 4940 germen
1101 4858 1387 4939 justum3
1440 4858 1609 4939 apud
1666 4857 1890 4919 Isaiam

95 4990 244 5039 zan,
269 4988 315 5029 ι.
382 4976 676 5043 quoque,
710 4956 1082 5039 Egredietur
1121 4956 1300 5037 virga
1338 4956 1414 5017 de
1454 4956 1663 5017 radice
1695 4954 1887 5030 Jesse,

383 5066 513 5122 etc.
559 5056 814 5121 Certum
858 5064 955 5118 est
998 5054 1170 5116 enim
1220 5055 1390 5135 quod
1436 5053 1720 5116 Christus
1767 5074 1892 5117 non

384 5155 725 5220 descendit
767 5154 846 5216 de
887 5153 1085 5235 stirpe
1127 5150 1297 5214 Jesse
1349 5151 1468 5213 nisi
1520 5170 1634 5234 per
1673 5152 1890 5214 David.

387 5254 726 5328 Praeterea,
796 5252 967 5334 quod
1038 5250 1326 5314 Christus
1397 5257 1762 5313 nasceretur
1831 5250 1896 5313 in

385 5352 790 5429 Bethlehem,
820 5368 936 5435 per
963 5348 1287 5413 Michaeam
1316 5349 1693 5431 praedictum
1723 5358 1893 5413 erat:

2000 4367 2078 4428 ad
2121 4364 2462 4435 Christum,
2510 4371 2716 4425 tamen
2767 4362 3082 4425 audiendo
3130 4361 3500 4425 efficacissi-

2003 4485 2171 4528 mam
2217 4462 2729 4546 praedicationem
2775 4462 3000 4543 ipsiuS‚
3035 4461 3353 4524 immutati
3400 4461 3499 4522 fu—

2001 4570 2191 4625 erunt
2235 4582 2271 4624 a
2327 4561 2494 4624 malo
2551 4561 2896 4642 proposito,
2949 4560 3329 4641 incipientes
3385 4560 3499 4621 ali-

2001 4661 2277 4742 qualiter
2304 4659 2469 4721 bene
2502 4658 2737 4720 sentire
2768 4659 2845 4720 de
2872 4676 2968 4720 eo.
2994 4657 3171 4720 Unde
3199 4657 3495 4720 Pharisaei

2001 4760 2122 4822 hoc
2149 4757 2564 4831 attendenteS,
2590 4757 2931 4820 voluerunt
2960 4775 3066 4820 eos
3095 4776 3132 4818 a
3158 4755 3290 4819 fide
3319 4756 3499 4820 Chri-

2002 4858 2081 4921 sti
2130 4876 2391 4940 prorsus
2440 4862 2745 4929 avertere,
2796 4854 3169 4936 adjicientes
3219 4872 3233 4917 :
3288 4856 3499 4919 Num·
3629 4860 3703 4917 48

2003 4958 2166 5037 quid
2184 4958 2427 5036 aliquis
2446 4954 2975 5033 exprincipibus,
3002 4953 3065 5015 id
3093 4960 3191 5015 est
3220 4954 3499 5017 sacerdo-

2005 5053 2177 5115 tibus
2209 5060 2272 5115 et
2299 5051 2557 5127 Scribis,
2594 5071 2707 5134 per
2736 5071 2898 5135 quos
2937 5061 3089 5115 tunc
3119 5052 3501 5134 regebantur

2004 5152 2225 5227 Judaei,
2258 5161 2321 5214 et
2359 5152 2643 5215 doctores
2683 5159 2746 5213 et
2783 5152 3008 5213 ceteris
3052 5152 3364 5215 doctiores
3401 5151 3502 5213 fu-

2008 5257 2217 5324 erunt,
2251 5251 2531 5310 credidit
2560 5251 2634 5309 in
2665 5270 2839 5320 eum,
2868 5258 2981 5311 aut
3010 5270 3090 5310 ea:
3118 5252 3499 5319 Pharisoeis,

2008 5348 2123 5432 qui
2166 5347 2391 5410 ceteris
2432 5347 2857 5428 religiosiores
2898 5346 3319 5411 videbantur?
3348 5348 3503 5412 Tan·
3574 5382 3582 5389 ·
