4300 6259
1185 523 1535 572 mannum
1576 523 1639 570 m
1680 522 1819 570 cAl’.
1865 523 1903 568 V
1944 521 2223 570 JOANNIS.
2270 540 2351 551 —
2393 521 2535 568 Am.
2581 521 2692 567 1111

3371 503 3492 568 363

374 700 628 775 Surge,
668 701 815 758 tolle
852 700 1201 776 qrabatum
1242 707 1449 770 tuum,
1491 707 1550 757 et
1596 698 1882 758 ambula.
1916 693 1968 754 A
1998 697 2079 755 lo.
2131 693 2264 757 lmo
2312 693 2447 756 haec
2503 693 2636 756 dies
2685 693 2808 756 fuit
2866 692 3222 768 sabbatum,
3274 693 3339 756 id
3396 699 3493 756 est

178 796 217 850 9
376 798 474 856 Ει
512 799 737 858 statim
781 817 981 858 saum
1024 798 1241 874 factus
1287 806 1376 857 est
1414 799 1598 857 homo
1646 797 1779 856 ille.
1815 796 1883 857 In

1997 793 2130 856 dies
2173 793 2442 874 septima
2471 811 2546 856 ac
2582 792 2829 856 festiva.
2865 795 3176 854 Dicebant
3203 812 3352 871 erqo
3379 795 3495 853 Ju-
3631 789 3700 845 10

372 913 517 975 quo
562 895 918 959 ostenditur
956 894 1417 976 omnipotentia
1461 893 1714 966 Christi,
1760 901 1885 955 tam
1993 894 2124 954 doei
2166 894 2275 953 illi
2313 894 2430 972 qui
2465 913 2665 952 sanus
2702 893 2924 970 fuerat
2961 895 3174 970 factus
3203 913 3226 952 .·
3255 893 3497 953 Sabba-

372 992 809 1056 inveteratum
854 992 1245 1073 languorem,
1281 992 1346 1054 in
1387 992 1645 1054 instanti
1688 992 1888 1074 impe-

372 1093 551 1156 riose
582 1092 887 1154 curantis.
922 1091 1135 1154 Virtus
1178 1109 1409 1172 nempe
1440 1091 1657 1154 divina
1684 1110 1884 1172 quum

372 1192 464 1254 sit
526 1190 803 1264 infinita,
856 1198 1157 1272 operatur
1207 1191 1274 1252 in
1334 1190 1592 1252 instanti
1647 1208 1660 1252 ε
1714 1193 1885 1272 quod

374 1299 627 1352 naturai
671 1308 797 1353 non
847 1289 1166 1361 convenit,
1212 1289 1365 1371 quia
1408 1289 1473 1350 in
1515 1294 1888 1350 transmuta-

373 1387 667 1451 tionibus
720 1404 932 1449 rerum
978 1387 1056 1448 de
1104 1387 1418 1450 contrario
1466 1386 1533 1448 in
1584 1387 1889 1450 contrari-

378 1506 517 1560 um,
551 1486 681 1566 agit
711 1485 1091 1547 successive.
1124 1484 1323 1565 Unde,
1356 1486 1706 1547 secundum
1744 1484 1887 1548 Dio-

378 1585 669 1668 nysium,
709 1583 944 1646 Natura
992 1603 1117 1646 non
1167 1584 1394 1646 transit
1430 1603 1469 1646 a
1510 1583 1766 1647 distanti
1820 1584 1881 1646 in

378 1684 649 1758 distanS,
694 1682 818 1746 nisi
868 1701 983 1765 per
1031 1683 1259 1744 media.
1302 1686 1384 1745 Ει
1428 1685 1693 1744 sustulit
1734 1703 1888 1760 yra-

378 1785 607 1844 bacum
642 1803 862 1848 suum,
892 1791 953 1842 et
989 1781 1371 1843 ambulavit.

466 1881 580 1944 Per
618 1881 989 1962 languidum
1030 1880 1223 1942 istum
1262 1879 1590 1942 ambulare
1626 1899 1751 1943 non
1784 1900 1888 1944 va·
1924 1883 1970 1945 B
2000 1881 2178 1963 plum
2236 1881 2565 1954 ornabant,
2617 1879 2853 1943 hostias
2909 1878 3212 1960 aptabant
3256 1897 3328 1940 ac
3378 1878 3498 1939 im-

378 1979 638 2054 lentem,
658 1979 1037 2060 intelligitur
1068 1979 1247 2060 piger
1274 1986 1338 2040 et
1367 1979 1691 2059 negligens
1725 1979 1889 2040 mala

380 2080 847 2142 consuetudine
890 2097 1170 2160 pressuS‚
1204 2078 1317 2161 qui
1363 2079 1427 2140 in
1472 2079 1887 2143 delectatione

380 2177 613 2241 vitiosa
659 2185 723 2239 et
780 2196 901 2240 usu
962 2177 1227 2260 peccati,
1280 2177 1462 2258 quasi
1516 2177 1580 2239 in
1628 2177 1887 2258 grabato

376 2277 569 2356 jacet.
612 2275 794 2347 Huic,
839 2276 967 2340 imo
1016 2284 1077 2338 et
1125 2276 1301 2340 omni
1350 2277 1687 2358 peccatori,
1735 2277 1888 2340 dicit

380 2374 675 2438 Christus
725 2375 1035 2457 quotidie,
1089 2393 1204 2458 per
1249 2375 1747 2439 admonitionem
1798 2376 1933 2438 sa-'

382 2493 509 2536 crae
566 2473 913 2556 Scripturae
965 2493 979 2538 :
1026 2475 1129 2535 Vis
1184 2495 1384 2535 sanus
1438 2476 1637 2551 fieri?
1682 2473 1884 2547 Quum

132 2583 307 2627 Ezeeh·
382 2574 559 2635 enim
607 2573 915 2636 Dominus
971 2572 1059 2635 ait
1107 2591 1220 2655 per
1267 2572 1683 2647 Ezechielem,
1734 2571 1887 2637 Nolo

82 2651 349 2760 {2:23322}
384 2680 655 2734 mortem
707 2671 1076 2754 peccatoriS,
1120 2673 1229 2734 sed
1275 2680 1344 2734 ut
1386 2680 1791 2752 convertatur
1827 2680 1890 2734 et

96 2791 350 2842 laeana.
384 2771 597 2849 vivat3
638 2779 703 2833 et
738 2789 855 2853 per
894 2769 1277 2844 Zachariam,
1312 2770 1766 2834 convertimini
1807 2772 1887 2834 ad

386 2887 510 2944 me,
545 2878 611 2932 et
646 2876 979 2932 convertar
1016 2871 1095 2932 ad
1130 2888 1284 2949 vos3
1329 2869 1611 2950 itemque
1652 2888 1765 2951 per
1789 2870 1887 2933 Jo-

96 2979 348 3030 Joeln.³2·
382 2969 572 3042 elem,
624 2967 843 3030 Omnis
891 2967 1287 3049 quicumque
1345 2967 1736 3030 invocaverit
1784 2987 1889 3032 no-

1999 1001 2135 1052 tum
2184 999 2297 1060 est,
2347 1011 2474 1052 non
2530 994 2674 1052 licet
2723 993 2841 1050 tibi
2890 994 3105 1051 tollere
3148 993 3495 1066 yrabatum

2000 1099 2208 1151 tuum.
2261 1087 2324 1150 Si
2370 1089 2567 1152 Judaei
2629 1096 3014 1172 putaverunt
3059 1107 3207 1151 eum
3259 1088 3496 1150 lectum

1997 1208 2185 1251 suum
2236 1197 2486 1271 portare
2535 1189 2672 1252 sine
2730 1188 2988 1270 speciali
3048 1188 3156 1250 Dei
3205 1187 3500 1251 commis-

1997 1287 2196 1361 sione,
2231 1295 2294 1350 et
2324 1287 2695 1350 necessitate
2725 1305 2837 1349 seu
2867 1285 3358 1368 dispensatione,
3394 1303 3499 1348 ex-

1998 1386 2313 1448 cusabiles
2369 1393 2569 1448 erant.
2625 1385 2856 1448 Tamen
2905 1385 2982 1447 ad
3032 1385 3247 1446 minus
3303 1391 3500 1446 mate-

1998 1485 2240 1547 rialiter
2296 1485 2527 1548 falsum
2586 1485 2780 1548 locuti
2842 1491 3011 1546 sunt.
3063 1483 3266 1547 Labor
3322 1483 3495 1545 enim

1997 1583 2272 1647 exterior
2311 1585 2388 1646 ad
2429 1583 2719 1646 divinum
2769 1582 3073 1647 honorem
3115 1582 3352 1645 directe
3394 1600 3496 1645 or-

1997 1683 2250 1745 dinatus
2291 1701 2402 1744 seu
2442 1682 2790 1764 pertinenS,
2835 1681 3064 1744 licebat
3103 1681 3167 1743 in
3209 1679 3490 1755 sabbat0,

1996 1782 2531 1863 quemadmodum
2589 1782 2942 1844 sacerdotes
3000 1780 3278 1842 sabbatis
3336 1786 3497 1841 tem-

3577 1887 3716 1930 Num.

1998 1979 2344 2044 molabant.
2394 1978 2700 2060 Bajulatio
2759 1985 2971 2040 autem
3032 1978 3177 2039 lecti
3235 1977 3316 2040 ab
3375 1977 3496 2040 isto
3525 1963 3652 1993 '‘m''

1998 2084 2236 2150 sanato,
2270 2075 2393 2139 fuit
2424 2078 2502 2139 ad
2541 2075 2968 2140 ostensionem
3009 2074 3242 2138 divinae
3277 2083 3500 2158 poten-

1996 2176 2101 2238 tiae
2141 2184 2205 2238 et
2240 2175 2506 2256 gloriam
2558 2173 2786 2238 Christi
2823 2193 2837 2236 :
2873 2174 3048 2236 velut
3097 2175 3149 2236 si
3199 2175 3345 2255 quis
3396 2174 3498 2237 die

1998 2273 2316 2337 dominica
2365 2272 2744 2336 miraculose
2791 2271 3094 2335 liberatus
3143 2291 3178 2334 a
3221 2291 3494 2347 carcere,

1998 2371 2241 2435 deferat
2281 2373 2358 2434 ad
2407 2371 2740 2434 ecclesiam
2781 2370 3038 2432 vincula
3087 2390 3200 2433 sua
3247 2372 3321 2433 ad
3362 2371 3500 2452 glo-

2000 2471 2382 2534 rificandum
2416 2470 2634 2532 Deum.
2671 2469 2814 2532 Fuit
2842 2489 3100 2551 quoque
3132 2489 3207 2532 ex
3240 2470 3498 2556 dispen-

1998 2571 2240 2633 satione
2298 2569 2532 2631 summi
2592 2569 3066 2650 dispensatoriS,
3119 2569 3230 2650 qui
3291 2569 3494 2648 legem

1998 2671 2192 2746 dedit,
2245 2678 2309 2732 et
2354 2672 2430 2733 ad
2482 2669 2876 2751 spiritualem
2936 2669 3092 2749 legis
3141 2669 3497 2750 intelligen-

1997 2770 2147 2833 tiam
2203 2770 2576 2832 introduxit.
2629 2769 2803 2830 Unde
2851 2768 3264 2848 subjungitur
3314 2786 3328 2830 :
3373 2771 3495 2830 Re·
3634 2773 3695 2828 11

1994 2870 2257 2948 spondit
2286 2871 2377 2929 eis
2414 2867 2530 2930 iste
2571 2873 2824 2929 sanatus
2861 2885 2874 2929 :
2914 2869 3040 2936 Qui
3074 2888 3172 2927 me
3202 2868 3494 2928 salvum*
3561 2879 3752 2924 ‘eanum

1995 2969 2152 3046 fecit
2193 2986 2230 3028 a
2270 2966 2563 3050 paralysi,
2601 2966 2730 3029 imo
2759 2985 2795 3028 a
2832 2965 2973 3027 labe
3013 2965 3255 3048 peccati
3292 2984 3305 3029 ε
3339 2984 3496 3046 quo-

384 3085 531 3128 men
585 3067 857 3142 Domini,
900 3067 1113 3129 salvus
1156 3067 1277 3128 erit
1320 3085 1335 3130 t
1380 3067 1537 3148 quid
1585 3067 1758 3130 aliud
1798 3068 1887 3131 lo-
1925 3071 1968 3134 C
1999 3066 2167 3128 niam
2218 3065 2524 3139 Christus,
2579 3064 2764 3144 cujus
2825 3063 3105 3146 perfecta
3152 3072 3302 3126 sunt
3347 3083 3497 3147 ope·
3525 3087 3787 3138 Daunum,

380 3166 627 3248 quitur,
692 3165 839 3238 nisi,
900 3165 1007 3227 Vis
1067 3184 1258 3227 sanus
1318 3165 1525 3227 fieri?
1582 3173 1886 3247 tanquam

381 3265 551 3327 dicat
586 3263 765 3345 :Ego
812 3283 955 3326 sum
1005 3265 1291 3327 medicus
1339 3263 1739 3344 animarum3
1789 3263 1887 3328 fac

380 3364 554 3446 quod
606 3363 673 3425 in
721 3370 785 3425 te
834 3370 949 3436 est,
1000 3363 1335 3443 acquiesce
1393 3362 1651 3426 monitis
1700 3363 1882 3439 meiS,

381 3469 444 3523 et
482 3461 723 3523 sanabo
769 3467 853 3522 te.
888 3463 1100 3538 Surqe
1138 3479 1174 3521 a
1214 3460 1399 3521 ruina
1439 3460 1702 3542 peccati,
1740 3465 1887 3522 tolle

372 3562 723 3638 grabatum
758 3569 963 3630 tuum,
988 3559 1053 3621 id
1084 3566 1200 3631 est,
1227 3558 1708 3621 delectationem
1742 3578 1886 3641 pec-

380 3658 503 3720 cati
545 3658 613 3720 in
655 3676 784 3739 qua
820 3656 1123 3737 quiesciS‚
1156 3655 1339 3719 aufer
1376 3663 1438 3718 et
1477 3665 1655 3738 porta
1692 3676 1885 3739 super

382 3765 443 3819 te
485 3775 603 3838 per
640 3755 1199 3837 compunctionem
1250 3763 1313 3817 et
1362 3754 1880 3832 satisfactionem,

89 3869 350 3922 Apmmu.
381 3864 701 3937 quatenus
746 3862 1059 3936 quantum
1098 3854 1468 3936 glorificasti
1520 3863 1581 3917 te
1621 3855 1686 3917 in
1732 3857 1887 3919 deli-

90 3933 127 3974 ⁷·
380 3953 629 4035 ciisque
687 3953 890 4026 fuisti,
951 3961 1199 4015 tantum
1263 3954 1553 4035 imponas
1612 3955 1727 4016 tibi
1788 3955 1886 4016 lu-

378 4061 555 4116 ctum
606 4062 671 4115 et
724 4051 1168 4126 afflictionem,
1221 4053 1513 4135 exemplo
1559 4053 1885 4136 Prophetae

114 4138 679 4226 με.π,τ.’(1ἰοοηιίε,
712 4151 1017 4215 Laboravi
1060 4151 1125 4213 in
1167 4151 1409 4232 gemitu
1455 4171 1617 4225 meo,
1661 4152 1884 4215 lavabo

1996 3185 2085 3237 ra,
2131 3164 2376 3227 sanavit
2418 3163 2485 3226 in
2524 3164 2736 3226 anima
2772 3182 2934 3244 quos
2972 3164 3219 3226 curavit
3256 3164 3320 3226 in
3361 3183 3497 3227 cor-
3524 3153 3566 3194 ⁴·

1999 3283 2194 3347 pore;
2247 3267 2358 3324 ille
2405 3267 2574 3325 milti
2619 3265 2799 3324 dia-it
2847 3284 2871 3324 .·
2932 3267 3100 3324 Jblle
3143 3266 3490 3340 yrabatum

1998 3374 2211 3434 tuum,
2239 3373 2300 3424 et
2327 3367 2618 3432 ambula,
2653 3363 2717 3425 id
2755 3370 2871 3436 est,
2905 3381 2978 3425 ea
3019 3369 3323 3445 potestate
3365 3382 3493 3444 qua

1996 3483 2099 3526 me
2140 3462 2518 3524 miraculose
2561 3461 2827 3534 curavit,
2862 3462 3080 3523 eadem
3124 3462 3494 3524 auctoritate

1996 3562 2156 3624 mihi
2201 3561 2503 3643 praecepit
2543 3562 2714 3642 quod
2760 3558 2944 3622 facio.

2078 3665 2658 3737 Interroyaverunt
2684 3677 2830 3736 erqo
2859 3678 3002 3718 eum
3042 3675 3066 3718 .·
3099 3661 3256 3727 Quis
3283 3669 3374 3720 est
3413 3661 3495 3718 it-
3632 3665 3698 3718 12

1998 3763 2053 3819 le
2104 3763 2287 3821 homo
2335 3759 2453 3838 qui
2496 3759 2674 3818 dimit
2734 3758 2872 3826 cibi,
2931 3759 3104 3818 Tolle
3144 3760 3494 3833 yrabatum

1998 3869 2209 3926 tuum,
2257 3867 2317 3918 ει
2366 3857 2672 3916 ambula?
2719 3862 3022 3936 tanquam
3074 3854 3285 3917 dicant
3331 3873 3344 3918 ε
3387 3853 3495 3917 Os-

1994 3958 2184 4019 tende
2241 3955 2424 4019 nobis
2483 3954 2670 4017 talem
2731 3960 2856 4016 tam
2919 3953 3158 4016 malum
3217 3961 3280 4015 et
3336 3953 3492 4034 legis

1994 4061 2515 4136 contemptorem,
2553 4060 2622 4114 ut
2650 4052 2904 4135 culpam
2938 4059 3112 4114 tuam
3150 4051 3492 4134 puniamus

1994 4154 2058 4215 in
2108 4172 2205 4216 eo.
2247 4153 2354 4214 Isti
2404 4152 2515 4233 qui
2567 4159 2920 4215 curatorem
2965 4150 3158 4232 hujus
3200 4150 3494 4233 paralyti-

381 4271 495 4334 per
524 4251 811 4332 singulas
852 4258 1068 4312 noctes
1100 4249 1335 4311 lectum
1373 4268 1628 4330 meum3
1660 4261 1886 4312 ecam-
1914 4252 1967 4317 D
1995 4252 2051 4315 ci
2097 4270 2333 4334 purum
2375 4251 2700 4314 hominem
2741 4249 3156 4323 aestimabant,
3203 4249 3492 4312 homines

376 4353 530 4411 bula
580 4349 755 4429 regia
802 4349 905 4412 via
952 4348 1017 4410 in
1068 4348 1305 4410 divinis
1356 4348 1689 4430 praeceptis
1737 4367 1751 4411 :
1806 4351 1883 4412 de

126 4459 255 4503 pm.
286 4475 349 4512 ιιι.
376 4448 621 4531 quibus
653 4448 720 4509 in
751 4447 915 4510 libro
946 4446 1429 4511 Proverbiorum
1468 4447 1720 4528 legitur,
1754 4447 1883 4510 Viae

96 4525 155 4565 ¹⁷·
378 4547 521 4628 ejus
562 4547 683 4609 viae
728 4545 1037 4628 pulchrae,
1080 4551 1144 4608 et
1189 4563 1411 4608 omnes
1460 4546 1702 4610 semitae
1741 4546 1880 4628 ejus

122 4656 349 4710 pmcn-n.
380 4643 691 4729 pacificae.
725 4644 857 4706 Imo
896 4643 1064 4707 viam
1109 4646 1549 4707 mandatorum
1592 4644 1698 4706 Dei
1744 4663 1884 4727 per-

94 4721 345 4836 Jssum„
377 4761 587 4818 curre,
624 4743 901 4825 implens
941 4743 1099 4805 illud
1126 4743 1313 4806 Josue
1347 4762 1361 4806 ε
1397 4742 1639 4806 Servite
1675 4742 1883 4808 Domi-

100 4845 157 4886 ¹⁴·
376 4861 459 4906 no
502 4842 695 4906 corde
740 4840 1021 4923 perfecto
1060 4850 1252 4922 atque
1292 4841 1646 4906 verissimo.
1681 4840 1883 4914 Quan-

377 4948 439 5005 to
481 4941 657 5003 enim
706 4939 923 5027 animo
971 4939 1345 5021 promptiori
1395 4959 1468 5002 ac
1510 4938 1880 5004 ferventiori

374 5039 719 5102 fecerimus
769 5055 962 5120 opera
1012 5037 1141 5112 Dei,
1191 5044 1362 5101 tanto
1410 5038 1687 5120 amplius
1740 5058 1883 5120 pro-

374 5156 724 5200 meremur.

1994 4358 2194 4424 erant,
2219 4367 2294 4412 eo
2322 4350 2510 4413 modo
2541 4368 2669 4431 quo
2698 4349 2854 4411 dicit
2879 4347 3217 4430 Apostolus
3243 4366 3256 4410 :
3285 4346 3489 4420 Quum
3521 4365 3783 4417 monum.

1994 4449 2075 4512 sit
2107 4449 2272 4510 inter
2303 4465 2412 4510 vos
2443 4446 2615 4509 zelus
2646 4454 2708 4509 et
2750 4445 3092 4526 contentio,
3126 4464 3336 4510 nonne
3366 4465 3494 4508 car-

1993 4547 2170 4610 nales
2229 4545 2402 4620 estiS,
2456 4552 2519 4606 et
2579 4547 2931 4608 secundum
2985 4545 3311 4607 hominem
3360 4564 3493 4608 am-

1994 4645 2228 4709 bulatis
2251 4647 2273 4705 3

2072 4748 2138 4806 Is
2170 4752 2388 4804 autem
2425 4743 2542 4822 qui
2578 4761 2778 4803 sanus
2814 4745 3037 4822 fuerat
3073 4747 3353 4818 effectus,
3383 4763 3492 4802 ne·
3631 4744 3697 4800 13

1990 4844 2226 4902 sciebat
2253 4841 2399 4921 quis
2427 4849 2606 4909 esset,
2637 4839 2700 4901 id
2739 4847 2855 4912 est,
2891 4857 3122 4902 nomen
3155 4847 3217 4901 et
3254 4839 3488 4902 famam

1993 4939 2224 5003 Christi
2285 4937 2617 5018 ignoravit,
2671 4955 2788 5000 nec
2835 4937 3188 5030 quidquam
3246 4937 3492 5001 audivit

1993 5038 2071 5099 de
2115 5055 2239 5100 eo:
2275 5043 2336 5098 et
2385 5035 2546 5099 forte
2594 5035 2834 5098 oblitus
2880 5034 3004 5097 fuit
3053 5035 3488 5118 dispositionis

1992 5135 2221 5199 Christi
2255 5135 2322 5196 in
2353 5133 2532 5197 vultu
2562 5152 2636 5196 ac
2678 5133 2920 5209 habitu,
2955 5134 3040 5196 ita
3070 5135 3240 5215 quod
3279 5153 3488 5216 neque

454 5239 623 5297 Erat
670 5244 889 5296 autem
934 5235 1288 5305 sabbatum,
1336 5234 1397 5296 id
1450 5241 1545 5296 est
1592 5235 1775 5316 quies
1818 5242 1880 5297 et
1988 5251 2105 5316 per
2161 5231 2792 5296 circumlocutionem
2852 5238 2914 5294 et
2971 5232 3150 5313 signa
3202 5232 3485 5296 indicare

372 5332 643 5396 cessatio
678 5331 760 5394 ab
800 5330 1102 5414 operibus
1146 5327 1511 5408 servssibuS,
1548 5333 1621 5392 in
1650 5335 1759 5393 die
1796 5333 1880 5393 il·
1989 5331 2197 5415 potuit
2242 5330 2542 5413 quisnam
2588 5337 2756 5393 esset
2800 5349 2813 5393 :
2867 5349 2996 5414 quo
3053 5331 3242 5395 modo
3287 5329 3483 5396 Ocho-
