4300 6259
594 2269 717 2313 Jonae
743 2283 785 2312 m

544 2334 628 2375 5-8.

831 498 870 563 6
1649 516 2002 564 amariano
2045 516 2108 563 m
2149 516 2289 563 car.
2336 518 2379 563 x
2420 516 2609 563 Luem.
2653 536 2735 547 —
2774 518 2917 563 aar.
2964 518 3113 563 xxvi

829 687 1008 768 signa
1035 696 1322 769 egerunt.
1346 688 1490 751 Ideo
1520 688 1901 752 habitatores
1933 688 2192 750 urbium
2224 688 2327 750 ha·
2356 686 2407 749 A
2436 688 2571 751 lum
2613 689 2900 762 exaltata,
2943 690 3064 753 hoc
3102 695 3200 751 est
3236 688 3419 751 valde
3462 685 3784 769 praecipue
3824 684 3936 746 ho—

827 806 968 847 rum
1005 794 1173 849 tanto
1201 787 1457 867 gravius
1489 785 1917 861 offenderunt,
1937 794 2176 867 quanto
2206 806 2329 848 ma-

823 883 961 964 jora
999 883 1090 945 eis
1130 883 1447 947 beneficia
1483 892 1632 947 sunt
1669 886 1959 967 impensa
1997 904 2140 966 quae
2179 904 2329 947 con-

825 988 1246 1063 tempserunt,
1294 990 1356 1044 et
1406 992 1548 1064 post
1593 984 1749 1045 tanti
1801 984 2084 1063 magistri
2135 990 2327 1065 atque

829 1080 1098 1162 pastoris
1153 1080 1664 1161 praedicationem
1725 1082 1791 1143 in
1842 1082 1974 1143 suis
2034 1100 2328 1164 perman-

829 1186 1049 1240 serunt
1079 1179 1448 1241 sceleribus,
1483 1179 1699 1262 ltaque
1731 1180 2038 1257 Christus,
2070 1181 2204 1243 zelo
2232 1180 2329 1260 ju-

828 1276 1015 1340 stitiae
1062 1295 1174 1339 seu
1223 1278 1680 1359 compassionis
1731 1278 1990 1353 affectu,
2038 1286 2101 1340 et
2152 1296 2327 1342 more

830 1375 1219 1458 propheticae
1266 1375 1816 1457 praenuntiationis
1867 1396 1938 1439 ac
1983 1377 2331 1440 commina-

827 1475 1040 1545 tionis,
1074 1474 1482 1556 exprobravit
1517 1475 1743 1539 incolis
1774 1476 2032 1537 urbium
2072 1476 2323 1551 harum,

829 1579 1185 1637 contestans
1215 1575 1385 1653 quod
1415 1573 1761 1653 gentilibus
1792 1582 2004 1635 essent
2034 1574 2322 1655 pejores:

827 1672 980 1753 quia
1039 1671 1090 1732 si
1150 1672 1303 1733 olim
1363 1672 1426 1733 in
1479 1671 1640 1753 Tyro
1688 1679 1752 1733 et
1807 1672 2038 1735 Sidone
2091 1672 2328 1753 aliquis

829 1769 1198 1833 Sanctorum
1241 1769 1388 1831 talia
1428 1768 1684 1832 fecisset
1735 1770 2062 1843 miracula,
2105 1770 2331 1834 exhor-

827 1869 1018 1931 tando
1055 1886 1161 1931 eos
1200 1868 1279 1929 ad
1320 1867 1782 1949 poenitentiam,
1817 1868 2032 1950 qualia
2071 1868 2223 1930 fecit
2262 1868 2329 1929 in
2368 1868 2413 1929 B
2439 1891 2567 1954 que
2617 1872 2683 1933 in
2729 1872 2963 1935 coelum
3012 1869 3433 1932 exaltaberis?
3476 1870 3679 1948 Usque
3714 1870 3803 1927 ad
3839 1868 3942 1925 in-

833 1965 1100 2028 urbibus
1155 1965 1340 2028 dictis
1398 1965 1700 2040 Salvator,
1754 1965 2137 2029 habitatores
2186 1965 2329 2048 'l'yri

831 2073 895 2127 et
940 2064 1190 2127 Sidonis
1236 2064 1446 2127 cilicia
1503 2064 1886 2145 induissent,
1939 2073 2002 2127 et
2050 2065 2329 2128 cinerem

834 2164 968 2225 suis
1008 2162 1504 2245 superjecissent
1541 2162 1858 2243 capitibus
1899 2181 1976 2225 ex
2020 2164 2335 2243 magnitu-

791 2300 802 2320 ‚
834 2262 982 2325 dine
1017 2261 1436 2331 contritionis,
1469 2262 2004 2343 quemadmodum
2038 2260 2334 2324 Ninivitae

833 2362 909 2423 ad
960 2360 1474 2442 praedicationem
1519 2360 1710 2423 Jonae.
1756 2359 1966 2433 Porr0,
2012 2361 2185 2441 quod
2231 2378 2335 2423 ve-

835 2479 977 2522 rum
1018 2458 1100 2519 sit
1130 2459 1272 2531 hoc,
1306 2476 1408 2519 res
1449 2458 1588 2539 ipsa
1629 2458 1921 2539 probavit
1956 2477 1968 2520 :
2004 2459 2158 2539 quia
2196 2467 2335 2541 post

833 2556 1064 2622 Christi
1106 2556 1486 2638 passionem,
1521 2556 1731 2618 statim
1775 2574 1851 2617 ex
1889 2556 2336 2638 praedicatione

833 2655 1296 2737 discipulorum
1341 2654 1570 2717 Christi
1616 2654 1903 2717 conversi
1951 2662 2100 2716 sunt
2146 2655 2334 2716 multi

834 2754 900 2815 in
934 2753 1202 2815 urbibus
1243 2752 1404 2827 istis,
1438 2762 1502 2815 et
1532 2760 1748 2835 postea
1785 2771 2028 2815 omneS.
2061 2752 2238 2815 Unde
2268 2753 2334 2815 in

555 2864 808 2919 Acama-
833 2851 1095 2915 Actibus
1145 2850 1591 2933 Apostolorum
1649 2850 2032 2914 describitur
2082 2851 2337 2915 devotio

634 3249 703 3305 14

546 4047 657 4092 Luc.
669 4049 810 4099 xn,47.

563 4432 726 4477 Joann.
739 4446 794 4477 xv

546 4496 615 4538 22.

639 5112 706 5168 15

835 2950 1168 3033 Tyriorum
1203 2968 1216 3011 :
1253 2949 1318 3011 in
1359 2948 1596 3030 quibus
1637 2950 1830 3011 etiam
1873 2949 2061 3011 multi
2103 2950 2335 3031 spiritu

2438 796 2677 863 norata,
2722 806 2796 851 eo
2835 788 3007 869 quod
3050 787 3335 850 Christus
3380 784 3749 867 frequenter
3787 781 3931 856 fuit,
3972 799 4071 904 Ma
4054 799 4199 903 ιιιιι.

2436 894 2498 974 et
2547 887 2626 948 ad
2684 896 2936 969 tempus
2993 886 3461 968 aliquantulum
3515 882 3824 945 habitavit
3871 881 3935 942 in
3966 865 4079 967 Μἀζ

2438 1003 2531 1059 ea,
2568 986 2935 1067 frequenter
2976 1003 3234 1066 quoque
3275 980 3661 1066 praedicavit,
3696 988 3759 1041 et
3799 998 4008 1062 pro-n.
3998 992 4067 1037 .;¹
4089 991 4169 1029 ete
4206 958 4270 1105 Ι

2438 1084 2606 1165 digia
2646 1085 2847 1146 multa
2875 1103 2947 1146 ac
2978 1084 3279 1166 praeclara
3319 1081 3445 1162 egit
3480 1080 3741 1153 ibidem,
3776 1079 3941 1139 sicut

2437 1182 2761 1244 Matthaeus
2812 1190 2873 1243 et
2918 1182 3161 1243 Marcus
3220 1180 3573 1243 clarissime
3625 1176 3935 1239 scribunt.

2440 1282 2751 1355 Secundo,
2788 1288 2857 1343 ut
2887 1282 3136 1343 dicatur
3166 1280 3409 1343 ratione
3440 1296 3569 1340 suae
3599 1276 3937 1358 superbiae,

2438 1380 2650 1461 Usque
2685 1380 2750 1441 in
2784 1379 3018 1443 coelum
3058 1379 3345 1449 exaltata,
3381 1374 3641 1459 propria
3675 1374 3943 1437 aestima-

2440 1478 2611 1541 tione
2652 1497 2726 1540 ac
2762 1478 3060 1552 vanitate,
3094 1485 3156 1539 et
3198 1476 3502 1558 quoniam
3546 1472 3793 1537 Christo
3838 1492 3943 1533 su-
4270 1492 4272 1527 ι

2441 1577 2819 1659 perbissime·
2851 1576 2876 1637 f
2880 1577 2973 1638 uit
3003 1576 3282 1637 rebellis.
3312 1574 3425 1637 Hic
3456 1591 3679 1635 sensus
3712 1572 3943 1633 littera-

2439 1676 2561 1738 lior
2596 1685 2711 1751 est,
2742 1676 2895 1756 quia
2932 1676 2997 1736 in
3036 1674 3321 1736 Matthaeo
3358 1672 3591 1753 legitur
3620 1670 3937 1733 Christum

2440 1774 2725 1836 dixisse:
2762 1772 2837 1834 Et
2878 1780 2966 1847 tu,
2991 1772 3451 1853 capharnaum,
3485 1768 3798 1849 numquid
3838 1786 3942 1827 us·
3968 1782 4079 1889 ’ἱνα
4050 1779 4197 1823 amm

2439 1973 2702 2050 fernum
2724 1972 3131 2047 demeryeris,
3154 1977 3224 2030 ut
3254 1987 3441 2049 poena
3472 1964 3945 2047 proportionata

2442 2069 2525 2131 sit
2572 2068 2798 2149 culpae,
2842 2075 2904 2129 et
2952 2066 3377 2147 magnitudini
3430 2063 3690 2127 honoris
3734 2080 3943 2126 corre-

2443 2168 2749 2249 spondeat
2791 2166 3160 2246 magnitudo
3204 2162 3601 2245 dejectionis.
3643 2160 3947 2234 Quemad-

2444 2266 2703 2327 modum
2755 2264 2927 2325 enim
2987 2263 3177 2326 homo
3230 2269 3403 2325 tanto
3462 2261 3607 2342 plus
3666 2266 3949 2321 meretur

2444 2362 2703 2425 exaltari
2736 2361 2802 2423 in
2836 2361 3018 2435 coelo,
3053 2368 3291 2443 quanto
3329 2359 3473 2441 plus
3513 2356 3947 2420 humiliaverit

2444 2480 2513 2523 se
2552 2462 2617 2523 in
2659 2469 2867 2539 terra;
2911 2459 3003 2521 sic
3042 2468 3215 2522 tanto
3255 2460 3398 2541 plus
3437 2464 3718 2519 meretur
3756 2454 3943 2535 dejici

2445 2559 2511 2621 in
2562 2559 2836 2632 infern0,
2889 2565 3127 2639 quanto
3177 2558 3322 2639 plus
3372 2558 3438 2618 in
3488 2564 3656 2617 terra
3702 2554 3947 2617 extollit

2446 2677 2513 2720 se
2563 2658 2797 2740 ipsum,
2840 2656 3021 2737 juxta
3070 2657 3228 2719 illud
3268 2656 3381 2719 Job
3425 2674 3440 2718 ε
3484 2654 3545 2716 Si
3591 2651 3947 2715 ascenderit
3970 2670 4228 2719 aeones.
4277 2695 4278 2723 ς

2447 2774 2651 2837 usque
2690 2758 2767 2818 ad
2813 2755 3045 2818 coelum
3096 2753 3399 2835 superbia
3440 2752 3603 2833 ejuS,
3644 2759 3710 2813 et
3756 2758 3948 2831 caput

2446 2855 2584 2935 ejus
2627 2854 2829 2915 nubes
2872 2852 3191 2933 tetigerit;
3240 2852 3421 2933 quasi
3468 2848 3945 2931 sterquilinium

2446 2953 2511 3014 in
2562 2952 2696 3013 fine
2737 2953 3057 3034 perdetur,
3100 2951 3278 3013 velut
3326 2948 3647 3014 somnium
3690 2947 3948 3010 avolans

835 3050 1300 3131 splenduerunt
1337 3047 1726 3130 prophetico,
1760 3055 1824 3109 et
1862 3048 2051 3111 Paulo
2088 3058 2337 3130 aposto-
2374 3046 2417 3109 C
2446 3071 2570 3114 non
2632 3050 3017 3125 invenietur,
3071 3050 3335 3111 transiet
3391 3047 3575 3129 quasi
3626 3046 3787 3110 visio
3840 3064 3950 3107 no-

838 3148 899 3211 lo
942 3145 1450 3212 vaticinabantur
1491 3145 1728 3208 futura.

935 3248 1386 3307 Verumtamen
1425 3248 1592 3321 Tyro
1622 3255 1681 3305 et
1712 3246 1976 3313 Sidoni,
2006 3244 2069 3306 id
2101 3252 2197 3305 est
2228 3245 2335 3306 ha-

835 3343 1214 3408 bitatoribus
1270 3341 1598 3405 civitatum
1659 3341 1911 3403 illarum
1963 3342 2026 3404 in
2079 3342 2337 3424 pagani-

835 3462 972 3507 smo
1020 3440 1360 3514 defunctis,
1404 3442 1737 3501 remissius
1783 3443 1910 3500 erit
1959 3443 2335 3517 injudicio

833 3561 1032 3621 quam
1069 3542 1244 3601 vobis
1282 3560 1306 3599 .·
1345 3539 1498 3620 quia
1535 3538 1737 3601 multo
1778 3539 1990 3600 minus
2037 3557 2336 3620 peccave-

835 3647 984 3701 runt
1029 3656 1222 3720 quam
1273 3636 1685 3718 ingratissimi
1741 3636 2335 3718 incorrigibilesque

834 3737 938 3800 isti
963 3736 1182 3811 Judaei,
1215 3735 1329 3817 qui
1359 3743 1424 3797 et
1461 3734 1665 3815 legem
1705 3734 2056 3797 naturalem
2088 3742 2152 3796 et
2183 3734 2337 3796 scri-

837 3843 1010 3919 ptam
1061 3833 1436 3915 transgressi
1490 3843 1660 3909 sunt,
1713 3842 1778 3896 et
1835 3834 2100 3916 insuper
2149 3853 2339 3896 evan-

837 3935 1056 4017 gelicae
1105 3933 1263 4014 legis
1307 3933 1634 3997 veritatem
1677 3952 1716 3995 a
1753 3932 2000 3996 Christo
2047 3933 2338 4015 accipere

839 4034 1203 4096 noluerunt.
1255 4030 1607 4113 Siquidem,
1671 4049 1890 4094 servus
1949 4031 2181 4105 scienS,
2237 4031 2336 4094 vel

839 4130 1060 4194 saltem
1111 4130 1235 4193 dici
1286 4130 1408 4192 sibi
1457 4130 1745 4206 audiam,
1793 4129 2184 4193 voluntatem
2232 4130 2340 4192 do-

2445 3158 2690 3214 cturna.
2726 3150 2869 3212 Ideo
2914 3149 2977 3211 in
3023 3148 3465 3211 Ecclesiastico
3508 3145 3741 3209 dicitur
3774 3163 3788 3206 :
3822 3144 3948 3205 Hu-
4002 3168 4229 3213 sectam.

2445 3250 2623 3311 milia
2661 3249 2844 3310 valde
2885 3248 3183 3328 spiritum
3229 3254 3435 3321 tuum,
3478 3245 3631 3327 quia
3669 3243 3946 3307 vindicta
3975 3232 4043 3273 ¹⁹·

2445 3346 2653 3427 impii,
2688 3345 2853 3426 ignis
2900 3352 2962 3406 et
3003 3344 3260 3408 vermis.

2526 3446 2829 3507 Praeterea
2876 3452 2971 3505 est
3022 3443 3503 3515 advertendum,
3555 3459 3747 3523 quam
3800 3457 3946 3502 vere

2447 3544 2607 3605 mira
2636 3552 2699 3605 et
2728 3541 3403 3623 incomprehensibilia
3432 3540 3561 3601 sint
3588 3556 3853 3601 summae
3875 3556 3949 3600 ac
3976 3554 4231 3597 Romanas.

2446 3642 2718 3705 infinitae
2758 3642 3086 3723 sapientiae
3122 3640 3384 3721 judicia,
3427 3638 3729 3720 quoniam
3774 3636 3951 3699 Chri-

2447 3749 2581 3803 stus
2614 3742 2679 3803 in
2724 3739 2983 3822 propria
3024 3758 3294 3821 persona
3329 3746 3392 3800 et
3424 3755 3539 3820 per
3576 3754 3723 3799 suos
3764 3734 3952 3797 mini-

2447 3847 2631 3912 strOS,
2656 3846 2785 3901 tam
2815 3837 3181 3920 ProphetaS,
3201 3856 3394 3918 quam
3426 3834 3780 3916 ApostolOS,
3802 3852 3952 3915 prae-

2447 3938 2684 4000 dicavit
2722 3944 2786 3999 et
2822 3936 3129 3999 miracula
3177 3934 3305 4015 egit
3352 3934 3452 3996 his
3501 3951 3662 4016 quos
3714 3932 3952 3994 sciebat

2449 4056 2574 4099 non
2626 4035 3000 4110 crediturOS,
3039 4034 3169 4097 imo
3211 4053 3287 4096 ex
3337 4033 3459 4096 hoc
3498 4031 3755 4113 gravius
3804 4049 3951 4094 con-

2448 4134 2870 4203 demnandos:
2903 4132 3002 4195 his
3034 4139 3241 4194 autem
3271 4149 3389 4194 nec
3420 4128 3808 4212 praedicavit,
3843 4146 3952 4190 ne-

839 4229 1000 4291 mini
1043 4229 1166 4303 sui,
1199 4236 1264 4289 et
1301 4246 1426 4291 non
1469 4226 1732 4302 facienS,
1771 4227 1972 4309 plagis
2011 4227 2342 4309 vapulabit
2370 4229 2419 4291 D
2448 4250 2576 4314 que
2620 4231 2928 4294 miracula
2972 4230 3450 4302 demonstravit,
3485 4247 3647 4310 quos
3693 4235 3953 4290 noverat

839 4326 1082 4390 multiS.
1107 4326 1284 4389 Unde
1313 4326 1390 4388 de
1420 4325 1730 4388 induratis
1763 4325 2340 4407 ingratissimisque

797 4425 1068 4489 ‚Judaeis
1117 4424 1401 4507 loquitur
1449 4424 1734 4487 Christus
1779 4442 1792 4487 :
1841 4423 1902 4485 Si
1956 4443 2080 4487 non
2133 4424 2343 4487 venis-

841 4542 976 4586 sem
1005 4531 1070 4585 et
1105 4523 1354 4587 locutus
1385 4522 1477 4584 eis
1515 4521 1806 4597 fuissem,
1843 4530 2173 4603 peccatum
2213 4541 2339 4586 non

841 4622 1167 4695 haberent,
1221 4620 1516 4684 videlicet
1575 4628 1700 4683 tam
1759 4638 2114 4701 magnum3
2169 4640 2341 4683 nunc

838 4727 1050 4782 autem
1097 4719 1568 4782 excusationem
1619 4737 1747 4782 non
1798 4718 2036 4781 habent
2074 4719 2153 4781 de
2199 4736 2343 4801 pec-

840 4826 977 4881 cato
1021 4837 1156 4882 suo.

919 4916 1202 4979 Subinde
1231 4915 1592 4999 specialiter
1632 4915 2042 4997 reprehendit
2072 4915 2344 4997 Caphar-

839 5033 1054 5089 naum,
1109 5015 1261 5096 quia
1321 5034 1452 5097 prae
1501 5015 1728 5076 ceteris
1786 5013 1910 5076 suit
1968 5014 2213 5095 ingrata
2269 5034 2342 5077 ac

841 5111 1164 5174 scelerata.
1199 5115 1284 5173 Ec
1334 5122 1429 5183 tu,
1482 5114 1972 5190 Capharnaum,
2021 5132 2220 5193 usque
2266 5114 2339 5173 in

839 5214 1072 5271 coelum
1096 5214 1409 5271 exaltata.
1431 5210 1603 5282 Quod
1636 5210 1980 5291 dupliciter
2012 5218 2217 5291 potest
2246 5210 2343 5271 in-

839 5307 1035 5387 telligi
1067 5326 1096 5389 ⁸:
1143 5306 1370 5383 Primo,
1415 5316 1484 5369 ut
1530 5308 2052 5391 dicaturjjUsque
2101 5308 2167 5369 in
2218 5328 2343 5371 coe-

2450 4330 2799 4394 credituros
2830 4337 2893 4391 et
2919 4330 3401 4397 convertendos,
3436 4327 3490 4389 si
3519 4326 3610 4389 eis
3651 4325 3953 4408 praedica-

2450 4429 2687 4493 tionem
2730 4436 2923 4510 atque
2960 4427 3269 4489 miracula
3308 4424 3744 4508 impendisset.
3778 4423 3951 4486 Unde

2450 4526 2763 4589 Ezechieli
2813 4527 3063 4588 locutus
3112 4532 3207 4587 est
3252 4543 3265 4587 :
3309 4522 3427 4585 Fili
3479 4522 3779 4595 hominiS,
3824 4539 3949 4584 non
4000 4538 4237 4583 emam.

2447 4626 2527 4687 ad
2569 4624 2879 4707 populum
2925 4622 3226 4705 profundi
3272 4622 3583 4685 sermonis
3623 4627 3686 4683 et
3724 4620 3951 4701 ignotae
3980 4604 4073 4643 ⁵'⁷·

2450 4723 2684 4803 linguae
2719 4731 2789 4784 tu
2830 4721 3146 4801 mitteris3
3188 4727 3251 4783 et
3280 4720 3333 4783 si
3374 4719 3450 4782 ad
3492 4718 3634 4782 illos
3674 4717 3954 4780 mittere-

2451 4821 2560 4895 τίς,
2595 4821 2717 4902 ipsi
2756 4820 3052 4882 audirent
3092 4827 3195 4881 te:
3231 4820 3456 4882 domus
3494 4824 3708 4879 autem
3738 4815 3949 4888 Israel,

2449 4919 2525 4980 ad
2556 4938 2749 5000 quam
2780 4918 2964 4981 mitto
2994 4927 3077 4992 te,
3114 4917 3343 4980 nolunt
3370 4915 3591 4977 audire
3621 4921 3702 4976 te.
3736 4914 3953 4994 ltaque

2448 5018 2620 5098 quod
2658 5024 2989 5099 penetrare
3031 5034 3156 5078 non
3202 5032 3563 5097 possumuS,
3598 5011 3807 5074 sobrie
3844 5012 3955 5072 ad-

2447 5115 2777 5191 miremur,
2814 5114 3353 5195 formidoloseque
3396 5112 3803 5183 honoremuS,
3838 5110 3955 5171 sci-

2450 5222 2626 5275 entes
2672 5214 2842 5295 quod
2902 5213 3063 5275 Deus
3120 5210 3416 5273 sublimis
3468 5216 3529 5271 et
3580 5207 3952 5271 benedictus

2450 5309 2531 5370 sit
2558 5309 2977 5371 essentialiter
3017 5308 3155 5389 ipsa
3190 5305 3501 5388 sapientia
3540 5312 3730 5385 atque
3766 5302 3955 5383 justi-
