<?xml version="1.0" encoding="UTF-8"?>
<!DOCTYPE html PUBLIC "-//W3C//DTD XHTML 1.0 Transitional//EN"
    "http://www.w3.org/TR/xhtml1/DTD/xhtml1-transitional.dtd">
<html xmlns="http://www.w3.org/1999/xhtml" xml:lang="en" lang="en">
 <head>
  <title>
</title>
<meta http-equiv="Content-Type" content="text/html;charset=utf-8" />
  <meta name='ocr-system' content='tesseract 3.04.00' />
  <meta name='ocr-capabilities' content='ocr_page ocr_carea ocr_par ocr_line ocrx_word'/>
</head>
<body>
  <div class='ocr_page' id='page_1' title='image "./doctorisecstati09unkngoog_0226.png"; bbox 0 0 4300 6259; ppageno 0'>
   <div class='ocr_carea' id='block_1_1' title="bbox 873 497 992 564">
    <p class='ocr_par' dir='ltr' id='par_1_1' title="bbox 873 497 992 564">
     <span class='ocr_line' id='line_1_1' title="bbox 873 497 992 564; baseline 0.017 -2"><span class='ocrx_word' id='word_1_1' title='bbox 873 497 992 564; x_wconf 72' lang='lat'><strong>166</strong></span> 
     </span>
    </p>
   </div>
   <div class='ocr_carea' id='block_1_2' title="bbox 1669 517 3161 568">
    <p class='ocr_par' dir='ltr' id='par_1_2' title="bbox 1669 517 3161 568">
     <span class='ocr_line' id='line_1_2' title="bbox 1669 517 3161 568; baseline 0.001 -2"><span class='ocrx_word' id='word_1_2' title='bbox 1669 517 2016 568; x_wconf 65' lang='lat' dir='ltr'><strong>manuue</strong></span> <span class='ocrx_word' id='word_1_3' title='bbox 2059 519 2124 566; x_wconf 80' lang='lat' dir='ltr'><strong>m</strong></span> <span class='ocrx_word' id='word_1_4' title='bbox 2166 519 2305 566; x_wconf 68' lang='grc' dir='ltr'><strong>ω.</strong></span> <span class='ocrx_word' id='word_1_5' title='bbox 2346 519 2456 566; x_wconf 76' lang='lat' dir='ltr'><strong>m</strong></span> <span class='ocrx_word' id='word_1_6' title='bbox 2494 518 2683 566; x_wconf 64' lang='grc' dir='ltr'><strong>[ΗΕΒ.</strong></span> <span class='ocrx_word' id='word_1_7' title='bbox 2727 539 2809 552; x_wconf 90' lang='grc'><strong>-</strong></span> <span class='ocrx_word' id='word_1_8' title='bbox 2850 521 2993 568; x_wconf 71' lang='grc' dir='ltr'><strong>ΛΒΤ.</strong></span> <span class='ocrx_word' id='word_1_9' title='bbox 3038 521 3161 568; x_wconf 79' lang='lat' dir='ltr'><strong>ml</strong></span> 
     </span>
    </p>
   </div>
   <div class='ocr_carea' id='block_1_3' title="bbox 867 688 3967 771">
    <p class='ocr_par' dir='ltr' id='par_1_3' title="bbox 867 688 3967 771">
     <span class='ocr_line' id='line_1_3' title="bbox 867 688 3967 771; baseline 0 -20"><span class='ocrx_word' id='word_1_10' title='bbox 867 689 1076 770; x_wconf 85' lang='lat' dir='ltr'><strong>gando</strong></span> <span class='ocrx_word' id='word_1_11' title='bbox 1122 689 1454 766; x_wconf 80' lang='lat' dir='ltr'><strong>discurrat,</strong></span> <span class='ocrx_word' id='word_1_12' title='bbox 1487 693 1600 752; x_wconf 87' lang='lat' dir='ltr'><strong>cui</strong></span> <span class='ocrx_word' id='word_1_13' title='bbox 1625 711 1809 753; x_wconf 86' lang='lat' dir='ltr'><strong>nemo</strong></span> <span class='ocrx_word' id='word_1_14' title='bbox 1839 711 2134 771; x_wconf 80' lang='lat' dir='ltr'><strong>unquam</strong></span> <span class='ocrx_word' id='word_1_15' title='bbox 2162 693 2367 753; x_wconf 77' lang='lat' dir='ltr'><strong>homi-</strong></span> <span class='ocrx_word' id='word_1_16' title='bbox 2393 688 2448 752; x_wconf 80' lang='lat' dir='ltr'>A</span> <span class='ocrx_word' id='word_1_17' title='bbox 2476 699 2693 752; x_wconf 84' lang='lat' dir='ltr'><strong>autem</strong></span> <span class='ocrx_word' id='word_1_18' title='bbox 2730 693 2869 766; x_wconf 85' lang='lat' dir='ltr'><strong>illo,</strong></span> <span class='ocrx_word' id='word_1_19' title='bbox 2912 694 3392 754; x_wconf 76' lang='lat' dir='ltr'><strong><em>substernebant</em></strong></span> <span class='ocrx_word' id='word_1_20' title='bbox 3434 693 3805 752; x_wconf 85' lang='lat' dir='ltr'><strong>vestimenta</strong></span> <span class='ocrx_word' id='word_1_21' title='bbox 3842 711 3967 752; x_wconf 83' lang='lat' dir='ltr'><strong>sua</strong></span> 
     </span>
    </p>
   </div>
   <div class='ocr_carea' id='block_1_4' title="bbox 869 789 2368 1148">
    <p class='ocr_par' dir='ltr' id='par_1_4' title="bbox 869 789 2368 1148">
     <span class='ocr_line' id='line_1_4' title="bbox 869 789 2363 873; baseline 0.001 -23"><span class='ocrx_word' id='word_1_22' title='bbox 869 808 1034 850; x_wconf 88' lang='lat' dir='ltr'><strong>num</strong></span> <span class='ocrx_word' id='word_1_23' title='bbox 1079 791 1270 858; x_wconf 84' lang='lat' dir='ltr'><strong>sedit,</strong></span> <span class='ocrx_word' id='word_1_24' title='bbox 1319 789 1440 854; x_wconf 91' lang='lat' dir='ltr'><strong>hoc</strong></span> <span class='ocrx_word' id='word_1_25' title='bbox 1497 797 1613 866; x_wconf 89' lang='lat' dir='ltr'><strong>est,</strong></span> <span class='ocrx_word' id='word_1_26' title='bbox 1664 809 1858 873; x_wconf 87' lang='lat' dir='ltr'><strong>super</strong></span> <span class='ocrx_word' id='word_1_27' title='bbox 1903 808 2096 872; x_wconf 89' lang='lat' dir='ltr'><strong>quem</strong></span> <span class='ocrx_word' id='word_1_28' title='bbox 2145 790 2363 853; x_wconf 87' lang='lat' dir='ltr'><strong>nullus</strong></span> 
     </span>
     <span class='ocr_line' id='line_1_5' title="bbox 869 886 2363 971; baseline 0.002 -23"><span class='ocrx_word' id='word_1_29' title='bbox 869 886 1207 968; x_wconf 89' lang='lat' dir='ltr'><strong>hucusque</strong></span> <span class='ocrx_word' id='word_1_30' title='bbox 1235 888 1398 950; x_wconf 91' lang='lat' dir='ltr'><strong>sedit</strong></span> <span class='ocrx_word' id='word_1_31' title='bbox 1425 888 1503 951; x_wconf 89' lang='lat' dir='ltr'><strong>ad</strong></span> <span class='ocrx_word' id='word_1_32' title='bbox 1537 888 1704 951; x_wconf 91' lang='lat' dir='ltr'><strong>viam</strong></span> <span class='ocrx_word' id='word_1_33' title='bbox 1733 889 2062 970; x_wconf 75' lang='lat' dir='ltr'>agendam,</span> <span class='ocrx_word' id='word_1_34' title='bbox 2087 889 2171 952; x_wconf 92' lang='lat' dir='ltr'><strong>oh</strong></span> <span class='ocrx_word' id='word_1_35' title='bbox 2202 889 2363 971; x_wconf 88' lang='lat' dir='ltr'><strong>pulli</strong></span> 
     </span>
     <span class='ocr_line' id='line_1_6' title="bbox 869 984 2368 1066; baseline 0.001 -20"><span class='ocrx_word' id='word_1_36' title='bbox 869 984 1268 1066; x_wconf 85' lang='lat' dir='ltr'><strong>juventutem</strong></span> <span class='ocrx_word' id='word_1_37' title='bbox 1318 994 1381 1049; x_wconf 92' lang='lat' dir='ltr'><strong>et</strong></span> <span class='ocrx_word' id='word_1_38' title='bbox 1429 986 1944 1050; x_wconf 78' lang='lat' dir='ltr'><strong>teneritudinem.</strong></span> <span class='ocrx_word' id='word_1_39' title='bbox 1993 987 2243 1050; x_wconf 81' lang='lat' dir='ltr'><strong>Solvite</strong></span> <span class='ocrx_word' id='word_1_40' title='bbox 2285 990 2368 1048; x_wconf 89' lang='lat' dir='ltr'><strong>il-</strong></span> 
     </span>
     <span class='ocr_line' id='line_1_7' title="bbox 876 1084 2367 1148; baseline 0.003 -4"><span class='ocrx_word' id='word_1_41' title='bbox 876 1086 1008 1144; x_wconf 86' lang='lat' dir='ltr'><strong>lum</strong></span> <span class='ocrx_word' id='word_1_42' title='bbox 1053 1093 1112 1145; x_wconf 89' lang='lat' dir='ltr'><strong>et</strong></span> <span class='ocrx_word' id='word_1_43' title='bbox 1157 1087 1463 1146; x_wconf 79' lang='lat' dir='ltr'><strong>adducite</strong></span> <span class='ocrx_word' id='word_1_44' title='bbox 1501 1086 1693 1146; x_wconf 80' lang='lat' dir='ltr'><strong>mihi.</strong></span> <span class='ocrx_word' id='word_1_45' title='bbox 1727 1085 1794 1148; x_wconf 91' lang='lat' dir='ltr'><strong>ln</strong></span> <span class='ocrx_word' id='word_1_46' title='bbox 1843 1084 2128 1148; x_wconf 78' lang='lat' dir='ltr'><strong>Matthaeo</strong></span> <span class='ocrx_word' id='word_1_47' title='bbox 2174 1085 2367 1148; x_wconf 90' lang='lat' dir='ltr'><strong>habe-</strong></span> 
     </span>
    </p>
   </div>
   <div class='ocr_carea' id='block_1_5' title="bbox 2477 791 3969 1166">
    <p class='ocr_par' dir='ltr' id='par_1_5' title="bbox 2477 808 2726 849">
     <span class='ocr_line' id='line_1_8' title="bbox 2477 808 2726 849; baseline 0.004 -1"><span class='ocrx_word' id='word_1_48' title='bbox 2477 808 2552 848; x_wconf 84' lang='lat' dir='ltr'><strong>m</strong></span> <span class='ocrx_word' id='word_1_49' title='bbox 2594 810 2726 849; x_wconf 74' lang='lat' dir='ltr'><strong>via.</strong></span> 
     </span>
    </p>

    <p class='ocr_par' dir='ltr' id='par_1_6' title="bbox 2478 791 3969 1166">
     <span class='ocr_line' id='line_1_9' title="bbox 2557 791 3964 970; baseline 0 -22"><span class='ocrx_word' id='word_1_50' title='bbox 2557 791 2753 949; x_wconf 77' lang='lat' dir='ltr'><strong>Circa]</strong></span> <span class='ocrx_word' id='word_1_51' title='bbox 2770 887 2905 952; x_wconf 83' lang='lat' dir='ltr'><strong>haec</strong></span> <span class='ocrx_word' id='word_1_52' title='bbox 2941 888 3141 950; x_wconf 86' lang='lat' dir='ltr'><strong>multa</strong></span> <span class='ocrx_word' id='word_1_53' title='bbox 3178 888 3378 970; x_wconf 78' lang='lat' dir='ltr'><strong>quaeri</strong></span> <span class='ocrx_word' id='word_1_54' title='bbox 3420 893 3675 970; x_wconf 83' lang='lat' dir='ltr'><strong>possent</strong></span> <span class='ocrx_word' id='word_1_55' title='bbox 3712 905 3785 948; x_wconf 89' lang='lat' dir='ltr'><strong>ac</strong></span> <span class='ocrx_word' id='word_1_56' title='bbox 3813 886 3964 960; x_wconf 91' lang='lat' dir='ltr'><strong>dici,</strong></span> 
     </span>
     <span class='ocr_line' id='line_1_10' title="bbox 2480 985 3967 1069; baseline 0 -23"><span class='ocrx_word' id='word_1_57' title='bbox 2480 992 2697 1067; x_wconf 85' lang='lat' dir='ltr'><strong>utpote</strong></span> <span class='ocrx_word' id='word_1_58' title='bbox 2753 987 2831 1049; x_wconf 89' lang='lat' dir='ltr'><strong>de</strong></span> <span class='ocrx_word' id='word_1_59' title='bbox 2886 987 3151 1069; x_wconf 80' lang='lat' dir='ltr'><strong>mystica</strong></span> <span class='ocrx_word' id='word_1_60' title='bbox 3208 985 3671 1068; x_wconf 79' lang='lat' dir='ltr'><strong>significatione</strong></span> <span class='ocrx_word' id='word_1_61' title='bbox 3726 985 3967 1048; x_wconf 75' lang='lat' dir='ltr'><strong>castelli</strong></span> 
     </span>
     <span class='ocr_line' id='line_1_11' title="bbox 2478 1083 3969 1166; baseline 0 -20"><span class='ocrx_word' id='word_1_62' title='bbox 2478 1090 2542 1146; x_wconf 89' lang='lat' dir='ltr'><strong>et</strong></span> <span class='ocrx_word' id='word_1_63' title='bbox 2590 1084 2753 1166; x_wconf 92' lang='lat' dir='ltr'><strong>pulli</strong></span> <span class='ocrx_word' id='word_1_64' title='bbox 2795 1105 2869 1148; x_wconf 88' lang='lat' dir='ltr'><strong>ac</strong></span> <span class='ocrx_word' id='word_1_65' title='bbox 2914 1086 3129 1161; x_wconf 81' lang='lat' dir='ltr'><strong>asinae,</strong></span> <span class='ocrx_word' id='word_1_66' title='bbox 3162 1093 3226 1148; x_wconf 88' lang='lat' dir='ltr'><strong>et</strong></span> <span class='ocrx_word' id='word_1_67' title='bbox 3270 1105 3350 1148; x_wconf 90' lang='lat' dir='ltr'><strong>an</strong></span> <span class='ocrx_word' id='word_1_68' title='bbox 3390 1083 3673 1149; x_wconf 90' lang='lat' dir='ltr'><strong>Christus</strong></span> <span class='ocrx_word' id='word_1_69' title='bbox 3720 1101 3969 1146; x_wconf 83' lang='lat' dir='ltr'><strong>succes-</strong></span> 
     </span>
    </p>
   </div>
   <div class='ocr_carea' id='block_1_6' title="bbox 4244 2843 4246 3095">
    <p class='ocr_par' dir='ltr' id='par_1_7' title="bbox 4244 2843 4246 3095">
     <span class='ocr_line' id='line_1_12' title="bbox 4244 2843 4246 3095; baseline 0 0"><span class='ocrx_word' id='word_1_70' title='bbox 4244 2843 4246 3095; x_wconf 95' lang='lat' dir='ltr'><strong> </strong></span> 
     </span>
    </p>
   </div>
   <div class='ocr_carea' id='block_1_7' title="bbox 578 1181 4240 5393">
    <p class='ocr_par' dir='ltr' id='par_1_8' title="bbox 578 1181 4240 5393">
     <span class='ocr_line' id='line_1_13' title="bbox 579 1181 3971 1265; baseline -0.002 -16"><span class='ocrx_word' id='word_1_71' title='bbox 579 1202 843 1254; x_wconf 65' lang='lat' dir='ltr'><strong>uaumn,</strong></span> <span class='ocrx_word' id='word_1_72' title='bbox 874 1188 1001 1256; x_wconf 91' lang='lat' dir='ltr'><strong>tur,</strong></span> <span class='ocrx_word' id='word_1_73' title='bbox 1043 1182 1214 1264; x_wconf 89' lang='lat' dir='ltr'><strong>quod</strong></span> <span class='ocrx_word' id='word_1_74' title='bbox 1264 1183 1445 1246; x_wconf 89' lang='grc'><strong>163113</strong></span> <span class='ocrx_word' id='word_1_75' title='bbox 1493 1183 1653 1246; x_wconf 89' lang='lat' dir='ltr'><strong>dixit</strong></span> <span class='ocrx_word' id='word_1_76' title='bbox 1685 1201 1699 1246; x_wconf 91' lang='lat'>:</span> <span class='ocrx_word' id='word_1_77' title='bbox 1732 1183 2072 1247; x_wconf 86' lang='lat' dir='ltr'><strong>Invenietis</strong></span> <span class='ocrx_word' id='word_1_78' title='bbox 2119 1184 2363 1247; x_wconf 88' lang='lat' dir='ltr'><strong>asinam</strong></span> <span class='ocrx_word' id='word_1_79' title='bbox 2478 1181 2614 1246; x_wconf 89' lang='lat' dir='ltr'><strong>sive</strong></span> <span class='ocrx_word' id='word_1_80' title='bbox 2644 1201 2837 1265; x_wconf 90' lang='lat' dir='ltr'><strong>super</strong></span> <span class='ocrx_word' id='word_1_81' title='bbox 2866 1189 3211 1265; x_wconf 90' lang='lat' dir='ltr'><strong>utrumque</strong></span> <span class='ocrx_word' id='word_1_82' title='bbox 3238 1183 3472 1246; x_wconf 88' lang='lat' dir='ltr'><strong>animal</strong></span> <span class='ocrx_word' id='word_1_83' title='bbox 3504 1183 3686 1245; x_wconf 88' lang='lat' dir='ltr'><strong>sedit.</strong></span> <span class='ocrx_word' id='word_1_84' title='bbox 3716 1181 3803 1244; x_wconf 86' lang='lat' dir='ltr'><strong>De</strong></span> <span class='ocrx_word' id='word_1_85' title='bbox 3827 1181 3971 1263; x_wconf 87' lang='lat' dir='ltr'><strong>qui-</strong></span> 
     </span>
     <span class='ocr_line' id='line_1_14' title="bbox 579 1269 3965 1363; baseline 0 -22"><span class='ocrx_word' id='word_1_86' title='bbox 579 1269 622 1311; x_wconf 69' lang='lat'><strong>2·</strong></span> <span class='ocrx_word' id='word_1_87' title='bbox 870 1279 1188 1361; x_wconf 77' lang='lat' dir='ltr'><strong>alligatam</strong></span> <span class='ocrx_word' id='word_1_88' title='bbox 1243 1287 1308 1343; x_wconf 92' lang='lat' dir='ltr'><strong>et</strong></span> <span class='ocrx_word' id='word_1_89' title='bbox 1365 1281 1616 1363; x_wconf 89' lang='lat' dir='ltr'><strong>pullum</strong></span> <span class='ocrx_word' id='word_1_90' title='bbox 1674 1300 1818 1344; x_wconf 90' lang='lat' dir='ltr'><strong>cum</strong></span> <span class='ocrx_word' id='word_1_91' title='bbox 1879 1300 1974 1357; x_wconf 87' lang='lat' dir='ltr'><strong>ea,</strong></span> <span class='ocrx_word' id='word_1_92' title='bbox 2026 1282 2253 1346; x_wconf 88' lang='lat' dir='ltr'><strong>solvite</strong></span> <span class='ocrx_word' id='word_1_93' title='bbox 2302 1290 2367 1346; x_wconf 91' lang='lat' dir='ltr'><strong>et</strong></span> <span class='ocrx_word' id='word_1_94' title='bbox 2479 1281 2623 1354; x_wconf 83' lang='grc'><strong>11113,</strong></span> <span class='ocrx_word' id='word_1_95' title='bbox 2676 1281 2830 1363; x_wconf 89' lang='lat' dir='ltr'><strong>quia</strong></span> <span class='ocrx_word' id='word_1_96' title='bbox 2876 1300 3071 1363; x_wconf 90' lang='lat' dir='ltr'><strong>super</strong></span> <span class='ocrx_word' id='word_1_97' title='bbox 3116 1280 3470 1345; x_wconf 78' lang='lat' dir='ltr'><strong>Matthaeum</strong></span> <span class='ocrx_word' id='word_1_98' title='bbox 3526 1281 3663 1344; x_wconf 81' lang='lat' dir='ltr'><strong>haec</strong></span> <span class='ocrx_word' id='word_1_99' title='bbox 3712 1279 3965 1362; x_wconf 82' lang='lat' dir='ltr'><strong>scripsi,</strong></span> 
     </span>
     <span class='ocr_line' id='line_1_15' title="bbox 870 1379 3127 1463; baseline -0.001 -21"><span class='ocrx_word' id='word_1_100' title='bbox 870 1381 1164 1443; x_wconf 79' lang='lat' dir='ltr'><strong>adducite</strong></span> <span class='ocrx_word' id='word_1_101' title='bbox 1189 1380 1373 1443; x_wconf 91' lang='lat' dir='ltr'><strong>mihi.</strong></span> <span class='ocrx_word' id='word_1_102' title='bbox 1407 1381 1580 1444; x_wconf 90' lang='lat' dir='ltr'><strong>Unde</strong></span> <span class='ocrx_word' id='word_1_103' title='bbox 1609 1381 1884 1457; x_wconf 84' lang='lat' dir='ltr'><strong>elicitur,</strong></span> <span class='ocrx_word' id='word_1_104' title='bbox 1915 1381 2086 1463; x_wconf 89' lang='lat' dir='ltr'><strong>quod</strong></span> <span class='ocrx_word' id='word_1_105' title='bbox 2122 1389 2368 1444; x_wconf 90' lang='lat' dir='ltr'><strong>utrum·</strong></span> <span class='ocrx_word' id='word_1_106' title='bbox 2480 1398 2653 1442; x_wconf 90' lang='lat' dir='ltr'><strong>nunc</strong></span> <span class='ocrx_word' id='word_1_107' title='bbox 2694 1379 2857 1442; x_wconf 90' lang='lat' dir='ltr'><strong>nihil</strong></span> <span class='ocrx_word' id='word_1_108' title='bbox 2898 1379 3127 1442; x_wconf 90' lang='lat' dir='ltr'><strong>dicam.</strong></span> 
     </span>
     <span class='ocr_line' id='line_1_16' title="bbox 870 1477 4154 1562; baseline -0.001 -22"><span class='ocrx_word' id='word_1_109' title='bbox 870 1496 999 1559; x_wconf 90' lang='lat' dir='ltr'><strong>que</strong></span> <span class='ocrx_word' id='word_1_110' title='bbox 1034 1478 1269 1541; x_wconf 87' lang='lat' dir='ltr'><strong>animal</strong></span> <span class='ocrx_word' id='word_1_111' title='bbox 1312 1477 1436 1540; x_wconf 91' lang='lat' dir='ltr'><strong>fuit</strong></span> <span class='ocrx_word' id='word_1_112' title='bbox 1474 1479 1736 1560; x_wconf 87' lang='lat' dir='ltr'><strong>ligatum</strong></span> <span class='ocrx_word' id='word_1_113' title='bbox 1777 1487 1840 1542; x_wconf 92' lang='lat' dir='ltr'><strong>et</strong></span> <span class='ocrx_word' id='word_1_114' title='bbox 1875 1499 1914 1542; x_wconf 88' lang='lat' dir='ltr'><strong>a</strong></span> <span class='ocrx_word' id='word_1_115' title='bbox 1951 1479 2200 1544; x_wconf 88' lang='lat' dir='ltr'><strong>Christo</strong></span> <span class='ocrx_word' id='word_1_116' title='bbox 2234 1480 2368 1562; x_wconf 83' lang='lat' dir='ltr'><strong>jus-</strong></span> <span class='ocrx_word' id='word_1_117' title='bbox 2560 1480 2647 1540; x_wconf 81' lang='lat' dir='ltr'><strong>Et</strong></span> <span class='ocrx_word' id='word_1_118' title='bbox 2694 1498 2899 1556; x_wconf 85' lang='lat' dir='ltr'><strong>quum</strong></span> <span class='ocrx_word' id='word_1_119' title='bbox 2944 1479 3499 1558; x_wconf 75' lang='lat' dir='ltr'><strong>appropinquaret</strong></span> <span class='ocrx_word' id='word_1_120' title='bbox 3528 1479 3682 1555; x_wconf 85' lang='lat' dir='ltr'><strong>jam</strong></span> <span class='ocrx_word' id='word_1_121' title='bbox 3728 1480 3815 1538; x_wconf 91' lang='lat' dir='ltr'><strong>ad</strong></span> <span class='ocrx_word' id='word_1_122' title='bbox 3860 1480 3973 1538; x_wconf 88' lang='lat' dir='ltr'><strong>de-</strong></span> <span class='ocrx_word' id='word_1_123' title='bbox 4092 1493 4154 1548; x_wconf 73' lang='lat'><strong>37</strong></span> 
     </span>
     <span class='ocr_line' id='line_1_17' title="bbox 667 1576 3973 1657; baseline -0.002 -14"><span class='ocrx_word' id='word_1_124' title='bbox 667 1587 734 1643; x_wconf 81' lang='lat'><strong>31</strong></span> <span class='ocrx_word' id='word_1_125' title='bbox 872 1595 1014 1638; x_wconf 90' lang='lat' dir='ltr'><strong>sum</strong></span> <span class='ocrx_word' id='word_1_126' title='bbox 1045 1576 1296 1639; x_wconf 84' lang='lat' dir='ltr'><strong>adduci.</strong></span> <span class='ocrx_word' id='word_1_127' title='bbox 1329 1579 1416 1638; x_wconf 86' lang='lat' dir='ltr'><strong>Et</strong></span> <span class='ocrx_word' id='word_1_128' title='bbox 1443 1580 1506 1638; x_wconf 82' lang='lat' dir='ltr'><strong>si</strong></span> <span class='ocrx_word' id='word_1_129' title='bbox 1532 1580 1678 1657; x_wconf 81' lang='lat' dir='ltr'><strong>quis</strong></span> <span class='ocrx_word' id='word_1_130' title='bbox 1707 1597 1813 1639; x_wconf 82' lang='lat' dir='ltr'><strong>vos</strong></span> <span class='ocrx_word' id='word_1_131' title='bbox 1842 1580 2364 1657; x_wconf 63' lang='lat' dir='ltr'><strong>interrogaverit,</strong></span> <span class='ocrx_word' id='word_1_132' title='bbox 2476 1595 2767 1636; x_wconf 82' lang='lat' dir='ltr'><strong>scensum</strong></span> <span class='ocrx_word' id='word_1_133' title='bbox 2816 1578 3052 1637; x_wconf 86' lang='lat' dir='ltr'><strong>montis</strong></span> <span class='ocrx_word' id='word_1_134' title='bbox 3095 1577 3353 1644; x_wconf 84' lang='lat' dir='ltr'><strong>Oliveti,</strong></span> <span class='ocrx_word' id='word_1_135' title='bbox 3384 1585 3709 1652; x_wconf 84' lang='lat' dir='ltr'><strong>coeperunt</strong></span> <span class='ocrx_word' id='word_1_136' title='bbox 3752 1595 3973 1636; x_wconf 83' lang='lat' dir='ltr'><strong>omnes</strong></span> 
     </span>
     <span class='ocr_line' id='line_1_18' title="bbox 875 1673 3975 1758; baseline 0 -22"><span class='ocrx_word' id='word_1_137' title='bbox 875 1678 1084 1746; x_wconf 82' lang='lat' dir='ltr'><strong>Quare</strong></span> <span class='ocrx_word' id='word_1_138' title='bbox 1110 1678 1361 1737; x_wconf 83' lang='lat' dir='ltr'><strong>solvitis</strong></span> <span class='ocrx_word' id='word_1_139' title='bbox 1392 1675 1682 1758; x_wconf 69' lang='lat' dir='ltr'><strong>pullum?</strong></span> <span class='ocrx_word' id='word_1_140' title='bbox 1711 1677 1806 1738; x_wconf 86' lang='lat' dir='ltr'><strong>sic</strong></span> <span class='ocrx_word' id='word_1_141' title='bbox 1832 1678 2059 1738; x_wconf 87' lang='lat' dir='ltr'><strong>dicetis</strong></span> <span class='ocrx_word' id='word_1_142' title='bbox 2085 1679 2171 1748; x_wconf 84' lang='lat' dir='ltr'><strong>ei,</strong></span> <span class='ocrx_word' id='word_1_143' title='bbox 2196 1680 2365 1748; x_wconf 85' lang='lat' dir='ltr'><strong>Quia</strong></span> <span class='ocrx_word' id='word_1_144' title='bbox 2480 1675 2683 1736; x_wconf 86' lang='lat' dir='ltr'><strong>turbae</strong></span> <span class='ocrx_word' id='word_1_145' title='bbox 2720 1675 3234 1736; x_wconf 78' lang='lat' dir='ltr'><strong>descendentium</strong></span> <span class='ocrx_word' id='word_1_146' title='bbox 3282 1693 3429 1738; x_wconf 91' lang='lat' dir='ltr'><strong>cum</strong></span> <span class='ocrx_word' id='word_1_147' title='bbox 3474 1674 3618 1735; x_wconf 88' lang='grc'><strong>16311</strong></span> <span class='ocrx_word' id='word_1_148' title='bbox 3667 1674 3744 1736; x_wconf 85' lang='grc'><strong>(16</strong></span> <span class='ocrx_word' id='word_1_149' title='bbox 3789 1673 3975 1736; x_wconf 89' lang='lat' dir='ltr'><strong>altio-</strong></span> 
     </span>
     <span class='ocr_line' id='line_1_19' title="bbox 869 1771 3971 1853; baseline -0.001 -17"><span class='ocrx_word' id='word_1_150' title='bbox 869 1775 1188 1836; x_wconf 88' lang='lat' dir='ltr'><strong>Dominus</strong></span> <span class='ocrx_word' id='word_1_151' title='bbox 1217 1793 1480 1852; x_wconf 83' lang='lat' dir='ltr'><strong>operam</strong></span> <span class='ocrx_word' id='word_1_152' title='bbox 1507 1776 1672 1853; x_wconf 82' lang='lat' dir='ltr'><strong>ejus,</strong></span> <span class='ocrx_word' id='word_1_153' title='bbox 1704 1774 1766 1837; x_wconf 94' lang='lat' dir='ltr'><strong>id</strong></span> <span class='ocrx_word' id='word_1_154' title='bbox 1816 1781 1912 1836; x_wconf 90' lang='lat' dir='ltr'><strong>est</strong></span> <span class='ocrx_word' id='word_1_155' title='bbox 1956 1775 2369 1840; x_wconf 88' lang='lat' dir='ltr'><strong>ministratio-</strong></span> <span class='ocrx_word' id='word_1_156' title='bbox 2479 1772 2657 1834; x_wconf 91' lang='lat' dir='ltr'><strong>ribus</strong></span> <span class='ocrx_word' id='word_1_157' title='bbox 2706 1773 2861 1836; x_wconf 87' lang='lat' dir='ltr'><strong>locis</strong></span> <span class='ocrx_word' id='word_1_158' title='bbox 2910 1773 3079 1835; x_wconf 89' lang='lat' dir='ltr'><strong>circa</strong></span> <span class='ocrx_word' id='word_1_159' title='bbox 3124 1779 3404 1836; x_wconf 90' lang='lat' dir='ltr'><strong>montem</strong></span> <span class='ocrx_word' id='word_1_160' title='bbox 3453 1772 3647 1835; x_wconf 91' lang='lat' dir='ltr'><strong>hunc.</strong></span> <span class='ocrx_word' id='word_1_161' title='bbox 3682 1771 3813 1847; x_wconf 87' lang='lat' dir='ltr'><strong>Vel,</strong></span> <span class='ocrx_word' id='word_1_162' title='bbox 3850 1771 3971 1834; x_wconf 90' lang='lat' dir='ltr'><strong>De-</strong></span> 
     </span>
     <span class='ocr_line' id='line_1_20' title="bbox 871 1870 3974 1952; baseline -0.001 -17"><span class='ocrx_word' id='word_1_163' title='bbox 871 1889 1041 1946; x_wconf 91' lang='lat' dir='ltr'><strong>nem,</strong></span> <span class='ocrx_word' id='word_1_164' title='bbox 1085 1873 1412 1934; x_wconf 81' lang='lat' dir='ltr'><strong>desiderat</strong></span> <span class='ocrx_word' id='word_1_165' title='bbox 1457 1893 1480 1933; x_wconf 94' lang='lat'><em>:</em></span> <span class='ocrx_word' id='word_1_166' title='bbox 1529 1891 1658 1936; x_wconf 91' lang='lat' dir='ltr'><strong>non</strong></span> <span class='ocrx_word' id='word_1_167' title='bbox 1717 1873 1799 1936; x_wconf 90' lang='lat' dir='ltr'><strong>ob</strong></span> <span class='ocrx_word' id='word_1_168' title='bbox 1855 1892 2036 1935; x_wconf 88' lang='lat' dir='ltr'><strong>suam</strong></span> <span class='ocrx_word' id='word_1_169' title='bbox 2095 1875 2369 1936; x_wconf 89' lang='lat' dir='ltr'><strong>necessi·</strong></span> <span class='ocrx_word' id='word_1_170' title='bbox 2402 1871 2450 1934; x_wconf 95' lang='lat' dir='ltr'><strong>B</strong></span> <span class='ocrx_word' id='word_1_171' title='bbox 2478 1871 2942 1945; x_wconf 88' lang='lat' dir='ltr'><strong>scendentium,</strong></span> <span class='ocrx_word' id='word_1_172' title='bbox 2995 1870 3059 1934; x_wconf 93' lang='lat' dir='ltr'><strong>id</strong></span> <span class='ocrx_word' id='word_1_173' title='bbox 3108 1879 3225 1946; x_wconf 87' lang='lat' dir='ltr'><strong>est,</strong></span> <span class='ocrx_word' id='word_1_174' title='bbox 3278 1872 3356 1934; x_wconf 94' lang='lat' dir='ltr'><strong>de</strong></span> <span class='ocrx_word' id='word_1_175' title='bbox 3406 1871 3773 1946; x_wconf 84' lang='lat' dir='ltr'><strong>Jerusalem,</strong></span> <span class='ocrx_word' id='word_1_176' title='bbox 3824 1889 3974 1952; x_wconf 83' lang='lat' dir='ltr'><strong>quae</strong></span> 
     </span>
     <span class='ocr_line' id='line_1_21' title="bbox 869 1967 3975 2053; baseline -0.001 -21"><span class='ocrx_word' id='word_1_177' title='bbox 869 1976 1062 2032; x_wconf 86' lang='lat' dir='ltr'><strong>tatem</strong></span> <span class='ocrx_word' id='word_1_178' title='bbox 1120 1967 1498 2045; x_wconf 82' lang='lat' dir='ltr'><strong>absolutam,</strong></span> <span class='ocrx_word' id='word_1_179' title='bbox 1553 1971 1662 2032; x_wconf 90' lang='lat' dir='ltr'><strong>sed</strong></span> <span class='ocrx_word' id='word_1_180' title='bbox 1717 1978 1977 2052; x_wconf 91' lang='lat' dir='ltr'><strong>propter</strong></span> <span class='ocrx_word' id='word_1_181' title='bbox 2023 1969 2369 2053; x_wconf 79' lang='lat' dir='ltr'><strong>Scripturae</strong></span> <span class='ocrx_word' id='word_1_182' title='bbox 2476 1969 2666 2031; x_wconf 87' lang='lat' dir='ltr'><strong>altius</strong></span> <span class='ocrx_word' id='word_1_183' title='bbox 2706 1969 2825 2032; x_wconf 92' lang='lat' dir='ltr'><strong>sita</strong></span> <span class='ocrx_word' id='word_1_184' title='bbox 2864 1968 3007 2043; x_wconf 88' lang='lat' dir='ltr'><strong>fuit,</strong></span> <span class='ocrx_word' id='word_1_185' title='bbox 3040 1969 3099 2031; x_wconf 90' lang='lat' dir='ltr'><strong>ei</strong></span> <span class='ocrx_word' id='word_1_186' title='bbox 3138 1968 3531 2032; x_wconf 88' lang='lat' dir='ltr'><strong>obviantium</strong></span> <span class='ocrx_word' id='word_1_187' title='bbox 3567 1987 3582 2031; x_wconf 73' lang='grc' dir='ltr'>ε</span> <span class='ocrx_word' id='word_1_188' title='bbox 3614 1967 3767 2050; x_wconf 87' lang='lat' dir='ltr'><strong>quia</strong></span> <span class='ocrx_word' id='word_1_189' title='bbox 3802 1968 3975 2030; x_wconf 86' lang='lat' dir='ltr'><strong>sicut</strong></span> 
     </span>
     <span class='ocr_line' id='line_1_22' title="bbox 871 2065 4219 2148; baseline 0.001 -18"><span class='ocrx_word' id='word_1_190' title='bbox 871 2065 1398 2142; x_wconf 85' lang='lat' dir='ltr'><strong>verificationem,</strong></span> <span class='ocrx_word' id='word_1_191' title='bbox 1432 2076 1497 2130; x_wconf 86' lang='lat' dir='ltr'><strong>et</strong></span> <span class='ocrx_word' id='word_1_192' title='bbox 1533 2070 1611 2131; x_wconf 90' lang='lat' dir='ltr'><strong>ad</strong></span> <span class='ocrx_word' id='word_1_193' title='bbox 1658 2075 1935 2132; x_wconf 90' lang='lat' dir='ltr'><strong>nostram</strong></span> <span class='ocrx_word' id='word_1_194' title='bbox 1979 2068 2370 2134; x_wconf 85' lang='lat' dir='ltr'><strong>informatio-</strong></span> <span class='ocrx_word' id='word_1_195' title='bbox 2478 2068 2544 2130; x_wconf 87' lang='lat' dir='ltr'><strong>in</strong></span> <span class='ocrx_word' id='word_1_196' title='bbox 2592 2068 2828 2131; x_wconf 77' lang='lat' dir='ltr'><strong>loanne</strong></span> <span class='ocrx_word' id='word_1_197' title='bbox 2876 2066 3129 2148; x_wconf 88' lang='lat' dir='ltr'><strong>legitur,</strong></span> <span class='ocrx_word' id='word_1_198' title='bbox 3182 2065 3370 2130; x_wconf 87' lang='lat' dir='ltr'><strong>turba</strong></span> <span class='ocrx_word' id='word_1_199' title='bbox 3414 2066 3615 2129; x_wconf 89' lang='lat' dir='ltr'><strong>multa</strong></span> <span class='ocrx_word' id='word_1_200' title='bbox 3669 2085 3814 2148; x_wconf 81' lang='lat' dir='ltr'><strong>quae</strong></span> <span class='ocrx_word' id='word_1_201' title='bbox 3862 2085 3975 2129; x_wconf 80' lang='lat' dir='ltr'><strong>ve-</strong></span> <span class='ocrx_word' id='word_1_202' title='bbox 4012 2088 4219 2133; x_wconf 65' lang='lat' dir='ltr'><strong>emm.</strong></span> 
     </span>
     <span class='ocr_line' id='line_1_23' title="bbox 871 2154 4139 2251; baseline -0 -24"><span class='ocrx_word' id='word_1_203' title='bbox 871 2183 1041 2240; x_wconf 91' lang='lat' dir='ltr'><strong>nem,</strong></span> <span class='ocrx_word' id='word_1_204' title='bbox 1074 2185 1148 2230; x_wconf 88' lang='lat' dir='ltr'><strong>ac</strong></span> <span class='ocrx_word' id='word_1_205' title='bbox 1179 2165 1508 2248; x_wconf 83' lang='lat' dir='ltr'><strong>mysticam</strong></span> <span class='ocrx_word' id='word_1_206' title='bbox 1539 2166 1870 2242; x_wconf 87' lang='lat' dir='ltr'><strong>rationem,</strong></span> <span class='ocrx_word' id='word_1_207' title='bbox 1905 2168 2058 2250; x_wconf 89' lang='lat' dir='ltr'><strong>quia</strong></span> <span class='ocrx_word' id='word_1_208' title='bbox 2086 2187 2201 2251; x_wconf 91' lang='lat' dir='ltr'><strong>per</strong></span> <span class='ocrx_word' id='word_1_209' title='bbox 2231 2169 2369 2251; x_wconf 90' lang='lat' dir='ltr'><strong>pul·</strong></span> <span class='ocrx_word' id='word_1_210' title='bbox 2478 2173 2658 2230; x_wconf 90' lang='lat' dir='ltr'><strong>nerat</strong></span> <span class='ocrx_word' id='word_1_211' title='bbox 2684 2165 2761 2228; x_wconf 94' lang='lat' dir='ltr'><strong>ad</strong></span> <span class='ocrx_word' id='word_1_212' title='bbox 2792 2165 2960 2228; x_wconf 90' lang='lat' dir='ltr'><strong>diem</strong></span> <span class='ocrx_word' id='word_1_213' title='bbox 2990 2164 3248 2240; x_wconf 90' lang='lat' dir='ltr'><strong>festum,</strong></span> <span class='ocrx_word' id='word_1_214' title='bbox 3281 2184 3481 2247; x_wconf 90' lang='lat' dir='ltr'><strong>quum</strong></span> <span class='ocrx_word' id='word_1_215' title='bbox 3512 2165 3790 2227; x_wconf 87' lang='lat' dir='ltr'><strong>audisset</strong></span> <span class='ocrx_word' id='word_1_216' title='bbox 3814 2165 3977 2246; x_wconf 87' lang='lat' dir='ltr'><strong>quia</strong></span> <span class='ocrx_word' id='word_1_217' title='bbox 4004 2154 4065 2200; x_wconf 77' lang='lat'><strong>¹²·</strong></span> <span class='ocrx_word' id='word_1_218' title='bbox 4084 2155 4139 2193; x_wconf 83' lang='lat'><strong>¹²·</strong></span> 
     </span>
     <span class='ocr_line' id='line_1_24' title="bbox 870 2263 3977 2346; baseline 0 -21"><span class='ocrx_word' id='word_1_219' title='bbox 870 2263 917 2325; x_wconf 96' lang='lat' dir='ltr'><strong>li</strong></span> <span class='ocrx_word' id='word_1_220' title='bbox 959 2263 1306 2327; x_wconf 89' lang='lat' dir='ltr'><strong>sessionem</strong></span> <span class='ocrx_word' id='word_1_221' title='bbox 1345 2263 1743 2346; x_wconf 81' lang='lat' dir='ltr'><strong>figurabatur</strong></span> <span class='ocrx_word' id='word_1_222' title='bbox 1777 2267 1948 2346; x_wconf 90' lang='lat' dir='ltr'><strong>quod</strong></span> <span class='ocrx_word' id='word_1_223' title='bbox 1981 2265 2211 2330; x_wconf 89' lang='lat' dir='ltr'><strong>Christi</strong></span> <span class='ocrx_word' id='word_1_224' title='bbox 2250 2267 2369 2329; x_wconf 85' lang='lat' dir='ltr'><strong>im·</strong></span> <span class='ocrx_word' id='word_1_225' title='bbox 2480 2264 2654 2328; x_wconf 86' lang='lat' dir='ltr'><strong>venit</strong></span> <span class='ocrx_word' id='word_1_226' title='bbox 2697 2264 2876 2326; x_wconf 87' lang='grc'><strong>163113</strong></span> <span class='ocrx_word' id='word_1_227' title='bbox 2921 2263 3393 2346; x_wconf 71' lang='lat' dir='ltr'><strong>lerosolymam,</strong></span> <span class='ocrx_word' id='word_1_228' title='bbox 3440 2270 3819 2345; x_wconf 88' lang='lat' dir='ltr'><strong>acceperunt</strong></span> <span class='ocrx_word' id='word_1_229' title='bbox 3878 2283 3977 2325; x_wconf 89' lang='lat' dir='ltr'><strong>ra-</strong></span> 
     </span>
     <span class='ocr_line' id='line_1_25' title="bbox 873 2361 3973 2446; baseline -0.001 -23"><span class='ocrx_word' id='word_1_230' title='bbox 873 2361 1050 2444; x_wconf 90' lang='lat' dir='ltr'><strong>perio</strong></span> <span class='ocrx_word' id='word_1_231' title='bbox 1094 2361 1416 2443; x_wconf 84' lang='lat' dir='ltr'><strong>gentilitas</strong></span> <span class='ocrx_word' id='word_1_232' title='bbox 1463 2370 1630 2425; x_wconf 88' lang='lat' dir='ltr'><strong>esset</strong></span> <span class='ocrx_word' id='word_1_233' title='bbox 1677 2361 2025 2438; x_wconf 88' lang='lat' dir='ltr'><strong>subdenda,</strong></span> <span class='ocrx_word' id='word_1_234' title='bbox 2061 2364 2147 2426; x_wconf 80' lang='lat' dir='ltr'><strong>ita</strong></span> <span class='ocrx_word' id='word_1_235' title='bbox 2194 2367 2367 2446; x_wconf 89' lang='lat' dir='ltr'><strong>quod</strong></span> <span class='ocrx_word' id='word_1_236' title='bbox 2479 2381 2615 2426; x_wconf 90' lang='lat' dir='ltr'><strong>mos</strong></span> <span class='ocrx_word' id='word_1_237' title='bbox 2645 2363 2999 2444; x_wconf 89' lang='lat' dir='ltr'><strong>palmarum</strong></span> <span class='ocrx_word' id='word_1_238' title='bbox 3030 2369 3093 2424; x_wconf 91' lang='lat' dir='ltr'><strong>et</strong></span> <span class='ocrx_word' id='word_1_239' title='bbox 3123 2368 3569 2443; x_wconf 87' lang='lat' dir='ltr'><strong>processerunt</strong></span> <span class='ocrx_word' id='word_1_240' title='bbox 3600 2361 3849 2426; x_wconf 85' lang='lat' dir='ltr'><strong>obviam</strong></span> <span class='ocrx_word' id='word_1_241' title='bbox 3886 2362 3973 2423; x_wconf 89' lang='lat' dir='ltr'><strong>ei.</strong></span> 
     </span>
     <span class='ocr_line' id='line_1_26' title="bbox 623 2457 3979 2543; baseline 0 -21"><span class='ocrx_word' id='word_1_242' title='bbox 623 2476 841 2532; x_wconf 58' lang='lat' dir='ltr'><strong>icona,</strong></span> <span class='ocrx_word' id='word_1_243' title='bbox 871 2457 1030 2522; x_wconf 93' lang='lat' dir='ltr'><strong>illud</strong></span> <span class='ocrx_word' id='word_1_244' title='bbox 1079 2460 1360 2542; x_wconf 86' lang='lat' dir='ltr'><strong>Apostoli</strong></span> <span class='ocrx_word' id='word_1_245' title='bbox 1409 2460 1790 2543; x_wconf 88' lang='lat' dir='ltr'><strong>adimpleret</strong></span> <span class='ocrx_word' id='word_1_246' title='bbox 1837 2479 1851 2524; x_wconf 75' lang='grc' dir='ltr'>ε</span> <span class='ocrx_word' id='word_1_247' title='bbox 1895 2460 2259 2526; x_wconf 85' lang='lat' dir='ltr'><strong>Glorificate</strong></span> <span class='ocrx_word' id='word_1_248' title='bbox 2304 2471 2369 2526; x_wconf 89' lang='lat' dir='ltr'><strong>et</strong></span> <span class='ocrx_word' id='word_1_249' title='bbox 2482 2463 2844 2522; x_wconf 84' lang='lat' dir='ltr'><strong>Gaudentes</strong></span> <span class='ocrx_word' id='word_1_250' title='bbox 2870 2460 3187 2542; x_wconf 89' lang='lat' dir='ltr'><strong>spirituali</strong></span> <span class='ocrx_word' id='word_1_251' title='bbox 3225 2459 3621 2541; x_wconf 81' lang='lat' dir='ltr'><strong>jucunditate</strong></span> <span class='ocrx_word' id='word_1_252' title='bbox 3659 2461 3737 2522; x_wconf 88' lang='lat' dir='ltr'><strong>de</strong></span> <span class='ocrx_word' id='word_1_253' title='bbox 3768 2460 3979 2522; x_wconf 89' lang='lat' dir='ltr'><strong>omni-</strong></span> 
     </span>
     <span class='ocr_line' id='line_1_27' title="bbox 578 2543 3979 2652; baseline 0 -32"><span class='ocrx_word' id='word_1_254' title='bbox 578 2543 646 2586; x_wconf 79' lang='lat'><strong>¹⁰·</strong></span> <span class='ocrx_word' id='word_1_255' title='bbox 665 2595 738 2652; x_wconf 69' lang='lat'><strong>32</strong></span> <span class='ocrx_word' id='word_1_256' title='bbox 872 2565 1114 2641; x_wconf 85' lang='lat' dir='ltr'><strong>portate</strong></span> <span class='ocrx_word' id='word_1_257' title='bbox 1143 2557 1340 2620; x_wconf 89' lang='lat' dir='ltr'><strong>Deum</strong></span> <span class='ocrx_word' id='word_1_258' title='bbox 1371 2559 1439 2621; x_wconf 91' lang='lat' dir='ltr'><strong>in</strong></span> <span class='ocrx_word' id='word_1_259' title='bbox 1471 2577 1735 2642; x_wconf 91' lang='lat' dir='ltr'><strong>corpore</strong></span> <span class='ocrx_word' id='word_1_260' title='bbox 1767 2567 1996 2624; x_wconf 90' lang='lat' dir='ltr'><strong>vestro.</strong></span> <span class='ocrx_word' id='word_1_261' title='bbox 2024 2563 2369 2640; x_wconf 74' lang='lat' dir='ltr'><strong>[Abierant</strong></span> <span class='ocrx_word' id='word_1_262' title='bbox 2480 2557 2761 2639; x_wconf 89' lang='lat' dir='ltr'><strong>potentia</strong></span> <span class='ocrx_word' id='word_1_263' title='bbox 2788 2557 2897 2620; x_wconf 87' lang='lat' dir='ltr'><strong>Dei</strong></span> <span class='ocrx_word' id='word_1_264' title='bbox 2927 2565 2991 2620; x_wconf 92' lang='lat' dir='ltr'><strong>et</strong></span> <span class='ocrx_word' id='word_1_265' title='bbox 3028 2556 3430 2619; x_wconf 89' lang='lat' dir='ltr'><strong>mirabilibus</strong></span> <span class='ocrx_word' id='word_1_266' title='bbox 3469 2557 3609 2638; x_wconf 87' lang='lat' dir='ltr'><strong>ejus</strong></span> <span class='ocrx_word' id='word_1_267' title='bbox 3638 2555 3819 2620; x_wconf 89' lang='lat' dir='ltr'><strong>factis</strong></span> <span class='ocrx_word' id='word_1_268' title='bbox 3856 2576 3979 2640; x_wconf 91' lang='lat' dir='ltr'><strong>per</strong></span> 
     </span>
     <span class='ocr_line' id='line_1_28' title="bbox 869 2654 3975 2738; baseline 0.001 -22"><span class='ocrx_word' id='word_1_269' title='bbox 869 2667 1083 2720; x_wconf 85' lang='lat' dir='ltr'><strong>autem</strong></span> <span class='ocrx_word' id='word_1_270' title='bbox 1114 2659 1234 2738; x_wconf 82' lang='lat' dir='ltr'><strong>qui</strong></span> <span class='ocrx_word' id='word_1_271' title='bbox 1271 2659 1454 2719; x_wconf 89' lang='lat' dir='ltr'><strong>missi</strong></span> <span class='ocrx_word' id='word_1_272' title='bbox 1491 2667 1704 2727; x_wconf 83' lang='lat' dir='ltr'><strong>erant,</strong></span> <span class='ocrx_word' id='word_1_273' title='bbox 1733 2669 1795 2721; x_wconf 96' lang='lat' dir='ltr'><strong>et</strong></span> <span class='ocrx_word' id='word_1_274' title='bbox 1823 2660 2219 2722; x_wconf 85' lang='lat' dir='ltr'><strong>invenerunt</strong></span> <span class='ocrx_word' id='word_1_275' title='bbox 2246 2662 2367 2720; x_wconf 85' lang='lat' dir='ltr'><strong>sic·</strong></span> <span class='ocrx_word' id='word_1_276' title='bbox 2479 2654 2822 2730; x_wconf 88' lang='lat' dir='ltr'><strong>Christum,</strong></span> <span class='ocrx_word' id='word_1_277' title='bbox 2857 2659 3129 2718; x_wconf 83' lang='lat' dir='ltr'><strong>laudare</strong></span> <span class='ocrx_word' id='word_1_278' title='bbox 3164 2658 3373 2718; x_wconf 88' lang='lat' dir='ltr'><strong>Deum</strong></span> <span class='ocrx_word' id='word_1_279' title='bbox 3417 2675 3565 2716; x_wconf 85' lang='lat' dir='ltr'><strong>voce</strong></span> <span class='ocrx_word' id='word_1_280' title='bbox 3612 2675 3872 2733; x_wconf 74' lang='lat' dir='ltr'><strong>mayna,</strong></span> <span class='ocrx_word' id='word_1_281' title='bbox 3910 2656 3975 2718; x_wconf 93' lang='lat' dir='ltr'><strong>id</strong></span> 
     </span>
     <span class='ocr_line' id='line_1_29' title="bbox 870 2755 3979 2837; baseline 0 -21"><span class='ocrx_word' id='word_1_282' title='bbox 870 2765 944 2816; x_wconf 88' lang='lat' dir='ltr'><strong>ut</strong></span> <span class='ocrx_word' id='word_1_283' title='bbox 982 2756 1160 2816; x_wconf 72' lang='lat' dir='ltr'><strong>dimit</strong></span> <span class='ocrx_word' id='word_1_284' title='bbox 1201 2755 1360 2828; x_wconf 80' lang='lat' dir='ltr'><strong>illis,</strong></span> <span class='ocrx_word' id='word_1_285' title='bbox 1404 2765 1681 2818; x_wconf 85' lang='lat' dir='ltr'><strong>stantem</strong></span> <span class='ocrx_word' id='word_1_286' title='bbox 1717 2759 2032 2837; x_wconf 67' lang='lat' dir='ltr'><strong>pullum]</strong></span> <span class='ocrx_word' id='word_1_287' title='bbox 2478 2762 2573 2816; x_wconf 90' lang='lat' dir='ltr'><strong>est</strong></span> <span class='ocrx_word' id='word_1_288' title='bbox 2610 2755 2835 2817; x_wconf 86' lang='lat' dir='ltr'><strong>devota</strong></span> <span class='ocrx_word' id='word_1_289' title='bbox 2870 2773 2944 2817; x_wconf 93' lang='lat' dir='ltr'><strong>ac</strong></span> <span class='ocrx_word' id='word_1_290' title='bbox 2989 2772 3236 2827; x_wconf 87' lang='lat' dir='ltr'><strong>sonora,</strong></span> <span class='ocrx_word' id='word_1_291' title='bbox 3266 2773 3459 2831; x_wconf 83' lang='lat' dir='ltr'><strong>super</strong></span> <span class='ocrx_word' id='word_1_292' title='bbox 3485 2755 3781 2814; x_wconf 85' lang='lat' dir='ltr'><strong>omnibus</strong></span> <span class='ocrx_word' id='word_1_293' title='bbox 3806 2775 3979 2833; x_wconf 83' lang='lat' dir='ltr'><strong>quas</strong></span> 
     </span>
     <span class='ocr_line' id='line_1_30' title="bbox 663 2851 3977 2922; baseline 0.001 -12"><span class='ocrx_word' id='word_1_294' title='bbox 663 2853 735 2910; x_wconf 94' lang='grc'><strong>33</strong></span> <span class='ocrx_word' id='word_1_295' title='bbox 949 2855 1357 2916; x_wconf 80' lang='lat' dir='ltr'><strong>Solventibus</strong></span> <span class='ocrx_word' id='word_1_296' title='bbox 1401 2864 1618 2916; x_wconf 89' lang='lat' dir='ltr'><strong>autem</strong></span> <span class='ocrx_word' id='word_1_297' title='bbox 1662 2856 1799 2916; x_wconf 77' lang='lat' dir='ltr'><strong>illis</strong></span> <span class='ocrx_word' id='word_1_298' title='bbox 1838 2854 2087 2919; x_wconf 89' lang='lat' dir='ltr'><strong>duobus</strong></span> <span class='ocrx_word' id='word_1_299' title='bbox 2133 2856 2365 2920; x_wconf 90' lang='lat' dir='ltr'><strong>Christi</strong></span> <span class='ocrx_word' id='word_1_300' title='bbox 2480 2855 2777 2916; x_wconf 83' lang='lat' dir='ltr'><strong>viderant</strong></span> <span class='ocrx_word' id='word_1_301' title='bbox 2801 2855 3169 2922; x_wconf 85' lang='lat' dir='ltr'><strong>virtutibus,</strong></span> <span class='ocrx_word' id='word_1_302' title='bbox 3186 2852 3306 2916; x_wconf 93' lang='lat' dir='ltr'><strong>hoc</strong></span> <span class='ocrx_word' id='word_1_303' title='bbox 3334 2859 3429 2914; x_wconf 90' lang='lat' dir='ltr'><strong>est</strong></span> <span class='ocrx_word' id='word_1_304' title='bbox 3457 2851 3771 2916; x_wconf 85' lang='lat' dir='ltr'><strong>universis</strong></span> <span class='ocrx_word' id='word_1_305' title='bbox 3798 2851 3977 2914; x_wconf 91' lang='lat' dir='ltr'><strong>Chri·</strong></span> 
     </span>
     <span class='ocr_line' id='line_1_31' title="bbox 872 2949 3976 3034; baseline 0 -20"><span class='ocrx_word' id='word_1_306' title='bbox 872 2951 1202 3034; x_wconf 87' lang='lat' dir='ltr'><strong>discipulis</strong></span> <span class='ocrx_word' id='word_1_307' title='bbox 1233 2956 1525 3030; x_wconf 82' lang='lat' dir='ltr'><strong>pullum,</strong></span> <span class='ocrx_word' id='word_1_308' title='bbox 1552 2956 1868 3016; x_wconf 76' lang='lat' dir='ltr'><strong>dimerunt</strong></span> <span class='ocrx_word' id='word_1_309' title='bbox 1905 2956 2163 3016; x_wconf 89' lang='lat' dir='ltr'><strong>domini</strong></span> <span class='ocrx_word' id='word_1_310' title='bbox 2198 2958 2363 3033; x_wconf 82' lang='lat' dir='ltr'><strong>ejus,</strong></span> <span class='ocrx_word' id='word_1_311' title='bbox 2478 2953 2557 3015; x_wconf 92' lang='lat' dir='ltr'><strong>sti</strong></span> <span class='ocrx_word' id='word_1_312' title='bbox 2599 2951 2924 3015; x_wconf 88' lang='lat' dir='ltr'><strong>miraculis</strong></span> <span class='ocrx_word' id='word_1_313' title='bbox 2962 2951 3179 3014; x_wconf 89' lang='lat' dir='ltr'><strong>divina</strong></span> <span class='ocrx_word' id='word_1_314' title='bbox 3217 2951 3451 3015; x_wconf 86' lang='lat' dir='ltr'><strong>virtute</strong></span> <span class='ocrx_word' id='word_1_315' title='bbox 3498 2949 3788 3032; x_wconf 81' lang='lat' dir='ltr'><strong>peractiS,</strong></span> <span class='ocrx_word' id='word_1_316' title='bbox 3820 2969 3976 3031; x_wconf 79' lang='lat' dir='ltr'><strong>quae</strong></span> 
     </span>
     <span class='ocr_line' id='line_1_32' title="bbox 870 3048 4157 3133; baseline -0.001 -20"><span class='ocrx_word' id='word_1_317' title='bbox 870 3049 1114 3114; x_wconf 88' lang='lat' dir='ltr'><strong>scilicet</strong></span> <span class='ocrx_word' id='word_1_318' title='bbox 1160 3051 1343 3133; x_wconf 90' lang='lat' dir='ltr'><strong>pulli,</strong></span> <span class='ocrx_word' id='word_1_319' title='bbox 1377 3051 1441 3114; x_wconf 92' lang='lat' dir='ltr'><strong>id</strong></span> <span class='ocrx_word' id='word_1_320' title='bbox 1491 3059 1586 3114; x_wconf 90' lang='lat' dir='ltr'><strong>est</strong></span> <span class='ocrx_word' id='word_1_321' title='bbox 1634 3053 1948 3127; x_wconf 77' lang='lat' dir='ltr'><strong>custodeS,</strong></span> <span class='ocrx_word' id='word_1_322' title='bbox 1983 3053 2084 3116; x_wconf 91' lang='lat' dir='ltr'><strong>vel</strong></span> <span class='ocrx_word' id='word_1_323' title='bbox 2122 3071 2198 3118; x_wconf 87' lang='lat' dir='ltr'><strong>eo</strong></span> <span class='ocrx_word' id='word_1_324' title='bbox 2242 3053 2369 3116; x_wconf 89' lang='lat' dir='ltr'><strong>fre-</strong></span> <span class='ocrx_word' id='word_1_325' title='bbox 2404 3049 2448 3115; x_wconf 94' lang='lat' dir='ltr'><strong>C</strong></span> <span class='ocrx_word' id='word_1_326' title='bbox 2478 3050 2915 3133; x_wconf 87' lang='lat' dir='ltr'><strong>corporalibus</strong></span> <span class='ocrx_word' id='word_1_327' title='bbox 2944 3050 3149 3112; x_wconf 88' lang='lat' dir='ltr'><strong>oculis</strong></span> <span class='ocrx_word' id='word_1_328' title='bbox 3178 3048 3323 3112; x_wconf 88' lang='lat' dir='ltr'><strong>fieri</strong></span> <span class='ocrx_word' id='word_1_329' title='bbox 3356 3055 3839 3130; x_wconf 89' lang='lat' dir='ltr'><strong>conspexerunt,</strong></span> <span class='ocrx_word' id='word_1_330' title='bbox 3866 3051 3977 3110; x_wconf 86' lang='lat' dir='ltr'><strong>di·</strong></span> <span class='ocrx_word' id='word_1_331' title='bbox 4096 3055 4157 3110; x_wconf 80' lang='grc'><strong>38</strong></span> 
     </span>
     <span class='ocr_line' id='line_1_33' title="bbox 869 3147 3977 3230; baseline -0.001 -20"><span class='ocrx_word' id='word_1_332' title='bbox 869 3157 1141 3230; x_wconf 89' lang='lat' dir='ltr'><strong>quenter</strong></span> <span class='ocrx_word' id='word_1_333' title='bbox 1182 3156 1452 3225; x_wconf 77' lang='lat' dir='ltr'><strong>utenteS,</strong></span> <span class='ocrx_word' id='word_1_334' title='bbox 1487 3149 1540 3212; x_wconf 93' lang='lat' dir='ltr'><strong>si</strong></span> <span class='ocrx_word' id='word_1_335' title='bbox 1581 3169 1707 3214; x_wconf 94' lang='lat' dir='ltr'><strong>non</strong></span> <span class='ocrx_word' id='word_1_336' title='bbox 1747 3151 1824 3212; x_wconf 89' lang='lat' dir='ltr'><strong>ad</strong></span> <span class='ocrx_word' id='word_1_337' title='bbox 1871 3152 2244 3228; x_wconf 89' lang='lat' dir='ltr'><strong>sedendum,</strong></span> <span class='ocrx_word' id='word_1_338' title='bbox 2278 3161 2369 3215; x_wconf 87' lang='lat' dir='ltr'><strong>ta-</strong></span> <span class='ocrx_word' id='word_1_339' title='bbox 2474 3164 2731 3212; x_wconf 85' lang='lat' dir='ltr'><strong>centes:</strong></span> <span class='ocrx_word' id='word_1_340' title='bbox 2761 3150 3171 3216; x_wconf 80' lang='lat' dir='ltr'><strong>Benedictus,</strong></span> <span class='ocrx_word' id='word_1_341' title='bbox 3206 3147 3270 3210; x_wconf 92' lang='lat' dir='ltr'><strong>id</strong></span> <span class='ocrx_word' id='word_1_342' title='bbox 3308 3155 3424 3221; x_wconf 91' lang='lat' dir='ltr'><strong>est,</strong></span> <span class='ocrx_word' id='word_1_343' title='bbox 3457 3147 3632 3210; x_wconf 91' lang='lat' dir='ltr'><strong>omni</strong></span> <span class='ocrx_word' id='word_1_344' title='bbox 3670 3147 3832 3210; x_wconf 90' lang='lat' dir='ltr'><strong>bona</strong></span> <span class='ocrx_word' id='word_1_345' title='bbox 3880 3148 3977 3210; x_wconf 87' lang='lat' dir='ltr'><strong>di-</strong></span> 
     </span>
     <span class='ocr_line' id='line_1_34' title="bbox 871 3246 3969 3328; baseline -0 -19"><span class='ocrx_word' id='word_1_346' title='bbox 871 3263 1018 3310; x_wconf 88' lang='lat' dir='ltr'><strong>men</strong></span> <span class='ocrx_word' id='word_1_347' title='bbox 1054 3248 1134 3310; x_wconf 88' lang='lat' dir='ltr'><strong>ad</strong></span> <span class='ocrx_word' id='word_1_348' title='bbox 1171 3247 1387 3328; x_wconf 88' lang='lat' dir='ltr'><strong>aliqua</strong></span> <span class='ocrx_word' id='word_1_349' title='bbox 1431 3247 1575 3310; x_wconf 88' lang='lat' dir='ltr'><strong>alia.</strong></span> <span class='ocrx_word' id='word_1_350' title='bbox 1609 3247 1686 3310; x_wconf 92' lang='lat' dir='ltr'><strong>Ut</strong></span> <span class='ocrx_word' id='word_1_351' title='bbox 1729 3249 1902 3312; x_wconf 90' lang='lat' dir='ltr'><strong>enim</strong></span> <span class='ocrx_word' id='word_1_352' title='bbox 1941 3251 2367 3314; x_wconf 89' lang='lat' dir='ltr'><strong>communiter</strong></span> <span class='ocrx_word' id='word_1_353' title='bbox 2476 3248 2685 3312; x_wconf 89' lang='lat' dir='ltr'><strong>ctione</strong></span> <span class='ocrx_word' id='word_1_354' title='bbox 2714 3266 2827 3310; x_wconf 90' lang='lat' dir='ltr'><strong>seu</strong></span> <span class='ocrx_word' id='word_1_355' title='bbox 2856 3246 3280 3328; x_wconf 88' lang='lat' dir='ltr'><strong>appellatione</strong></span> <span class='ocrx_word' id='word_1_356' title='bbox 3312 3246 3563 3327; x_wconf 68' lang='lat' dir='ltr'><strong>dignm,</strong></span> <span class='ocrx_word' id='word_1_357' title='bbox 3596 3252 3658 3308; x_wconf 89' lang='lat' dir='ltr'><strong>et</strong></span> <span class='ocrx_word' id='word_1_358' title='bbox 3686 3253 3969 3320; x_wconf 78' lang='lat' dir='ltr'><strong>sanctuS,</strong></span> 
     </span>
     <span class='ocr_line' id='line_1_35' title="bbox 870 3345 3973 3428; baseline -0.001 -20"><span class='ocrx_word' id='word_1_359' title='bbox 870 3345 1096 3420; x_wconf 89' lang='lat' dir='ltr'><strong>fertur,</strong></span> <span class='ocrx_word' id='word_1_360' title='bbox 1150 3346 1368 3428; x_wconf 89' lang='lat' dir='ltr'><strong>pullus</strong></span> <span class='ocrx_word' id='word_1_361' title='bbox 1416 3352 1479 3408; x_wconf 90' lang='lat' dir='ltr'><strong>et</strong></span> <span class='ocrx_word' id='word_1_362' title='bbox 1524 3345 1703 3409; x_wconf 88' lang='lat' dir='ltr'><strong>asina</strong></span> <span class='ocrx_word' id='word_1_363' title='bbox 1759 3348 2208 3411; x_wconf 89' lang='lat' dir='ltr'><strong>communibus</strong></span> <span class='ocrx_word' id='word_1_364' title='bbox 2257 3350 2368 3414; x_wconf 94' lang='lat' dir='ltr'><strong>ho-</strong></span> <span class='ocrx_word' id='word_1_365' title='bbox 2476 3347 2612 3410; x_wconf 87' lang='lat' dir='ltr'><strong>sive</strong></span> <span class='ocrx_word' id='word_1_366' title='bbox 2659 3347 2948 3409; x_wconf 88' lang='lat' dir='ltr'><strong>laudatus</strong></span> <span class='ocrx_word' id='word_1_367' title='bbox 2986 3353 3083 3408; x_wconf 89' lang='lat' dir='ltr'><strong>est</strong></span> <span class='ocrx_word' id='word_1_368' title='bbox 3118 3352 3182 3407; x_wconf 92' lang='lat' dir='ltr'><strong>et</strong></span> <span class='ocrx_word' id='word_1_369' title='bbox 3228 3345 3330 3420; x_wconf 91' lang='lat' dir='ltr'><strong>sit,</strong></span> <span class='ocrx_word' id='word_1_370' title='bbox 3372 3347 3490 3425; x_wconf 81' lang='lat' dir='ltr'><strong>qui</strong></span> <span class='ocrx_word' id='word_1_371' title='bbox 3528 3345 3704 3406; x_wconf 87' lang='lat' dir='ltr'><strong>venit</strong></span> <span class='ocrx_word' id='word_1_372' title='bbox 3737 3366 3857 3405; x_wconf 66' lang='lat' dir='ltr'><strong>rete</strong></span> <span class='ocrx_word' id='word_1_373' title='bbox 3896 3347 3973 3406; x_wconf 88' lang='lat' dir='ltr'><strong>in</strong></span> 
     </span>
     <span class='ocr_line' id='line_1_36' title="bbox 872 3442 3971 3526; baseline -0 -20"><span class='ocrx_word' id='word_1_374' title='bbox 872 3442 1122 3506; x_wconf 92' lang='lat' dir='ltr'><strong>minum</strong></span> <span class='ocrx_word' id='word_1_375' title='bbox 1153 3443 1376 3506; x_wconf 91' lang='lat' dir='ltr'><strong>usibus</strong></span> <span class='ocrx_word' id='word_1_376' title='bbox 1407 3444 1895 3526; x_wconf 84' lang='lat' dir='ltr'><strong>deputabantur.</strong></span> <span class='ocrx_word' id='word_1_377' title='bbox 1917 3447 2090 3514; x_wconf 85' lang='lat' dir='ltr'><strong>Quid</strong></span> <span class='ocrx_word' id='word_1_378' title='bbox 2115 3449 2367 3510; x_wconf 84' lang='lat' dir='ltr'><strong>solvitis</strong></span> <span class='ocrx_word' id='word_1_379' title='bbox 2474 3447 2739 3508; x_wconf 88' lang='lat' dir='ltr'><strong>nomine</strong></span> <span class='ocrx_word' id='word_1_380' title='bbox 2764 3445 3059 3515; x_wconf 87' lang='lat' dir='ltr'><strong>Domini,</strong></span> <span class='ocrx_word' id='word_1_381' title='bbox 3088 3444 3150 3507; x_wconf 92' lang='lat' dir='ltr'><strong>id</strong></span> <span class='ocrx_word' id='word_1_382' title='bbox 3179 3451 3275 3507; x_wconf 89' lang='lat' dir='ltr'><strong>est</strong></span> <span class='ocrx_word' id='word_1_383' title='bbox 3304 3444 3373 3505; x_wconf 88' lang='lat' dir='ltr'><strong>in</strong></span> <span class='ocrx_word' id='word_1_384' title='bbox 3402 3443 3548 3517; x_wconf 89' lang='lat' dir='ltr'><strong>Deo,</strong></span> <span class='ocrx_word' id='word_1_385' title='bbox 3574 3443 3874 3506; x_wconf 86' lang='lat' dir='ltr'><strong>videlicet</strong></span> <span class='ocrx_word' id='word_1_386' title='bbox 3904 3445 3971 3506; x_wconf 91' lang='lat' dir='ltr'><strong>in</strong></span> 
     </span>
     <span class='ocr_line' id='line_1_37' title="bbox 867 3540 3975 3626; baseline 0 -23"><span class='ocrx_word' id='word_1_387' title='bbox 867 3545 1153 3621; x_wconf 84' lang='lat' dir='ltr'><strong>pullum,</strong></span> <span class='ocrx_word' id='word_1_388' title='bbox 1191 3561 1384 3624; x_wconf 90' lang='lat' dir='ltr'><strong>super</strong></span> <span class='ocrx_word' id='word_1_389' title='bbox 1430 3561 1623 3624; x_wconf 89' lang='lat' dir='ltr'><strong>quem</strong></span> <span class='ocrx_word' id='word_1_390' title='bbox 1674 3543 1890 3606; x_wconf 90' lang='lat' dir='ltr'><strong>nullus</strong></span> <span class='ocrx_word' id='word_1_391' title='bbox 1941 3563 2145 3626; x_wconf 87' lang='lat' dir='ltr'><strong>usque</strong></span> <span class='ocrx_word' id='word_1_392' title='bbox 2194 3565 2365 3609; x_wconf 90' lang='lat' dir='ltr'><strong>nunc</strong></span> <span class='ocrx_word' id='word_1_393' title='bbox 2479 3545 2713 3608; x_wconf 89' lang='lat' dir='ltr'><strong>virtute</strong></span> <span class='ocrx_word' id='word_1_394' title='bbox 2740 3551 2803 3607; x_wconf 90' lang='lat' dir='ltr'><strong>et</strong></span> <span class='ocrx_word' id='word_1_395' title='bbox 2842 3544 3192 3606; x_wconf 89' lang='lat' dir='ltr'><strong>secundum</strong></span> <span class='ocrx_word' id='word_1_396' title='bbox 3222 3542 3611 3606; x_wconf 84' lang='lat' dir='ltr'><strong>voluntatem</strong></span> <span class='ocrx_word' id='word_1_397' title='bbox 3648 3540 3847 3623; x_wconf 88' lang='lat' dir='ltr'><strong>ipsius</strong></span> <span class='ocrx_word' id='word_1_398' title='bbox 3882 3549 3975 3604; x_wconf 85' lang='lat' dir='ltr'><strong>at-</strong></span> 
     </span>
     <span class='ocr_line' id='line_1_38' title="bbox 667 3639 3967 3725; baseline 0 -23"><span class='ocrx_word' id='word_1_399' title='bbox 667 3651 740 3709; x_wconf 70' lang='grc'><strong>34</strong></span> <span class='ocrx_word' id='word_1_400' title='bbox 873 3640 1078 3704; x_wconf 72' lang='lat' dir='ltr'><strong>sedit?</strong></span> <span class='ocrx_word' id='word_1_401' title='bbox 1122 3643 1210 3704; x_wconf 86' lang='lat' dir='ltr'><strong>At</strong></span> <span class='ocrx_word' id='word_1_402' title='bbox 1253 3641 1362 3702; x_wconf 84' lang='lat' dir='ltr'><strong>illi</strong></span> <span class='ocrx_word' id='word_1_403' title='bbox 1401 3642 1716 3702; x_wconf 76' lang='lat' dir='ltr'><strong>dioeerunt</strong></span> <span class='ocrx_word' id='word_1_404' title='bbox 1754 3661 1778 3702; x_wconf 91' lang='grc'><strong>.·</strong></span> <span class='ocrx_word' id='word_1_405' title='bbox 1827 3643 1995 3710; x_wconf 85' lang='lat' dir='ltr'><strong>Quia</strong></span> <span class='ocrx_word' id='word_1_406' title='bbox 2046 3644 2367 3705; x_wconf 88' lang='lat' dir='ltr'><strong>Dominus</strong></span> <span class='ocrx_word' id='word_1_407' title='bbox 2475 3661 2603 3725; x_wconf 89' lang='lat' dir='ltr'><strong>que</strong></span> <span class='ocrx_word' id='word_1_408' title='bbox 2632 3643 2709 3705; x_wconf 90' lang='lat' dir='ltr'><strong>ad</strong></span> <span class='ocrx_word' id='word_1_409' title='bbox 2738 3641 3006 3723; x_wconf 88' lang='lat' dir='ltr'><strong>gloriam</strong></span> <span class='ocrx_word' id='word_1_410' title='bbox 3038 3640 3371 3721; x_wconf 78' lang='lat' dir='ltr'><strong>ejus.Paoe</strong></span> <span class='ocrx_word' id='word_1_411' title='bbox 3400 3641 3472 3701; x_wconf 88' lang='lat' dir='ltr'><strong>in</strong></span> <span class='ocrx_word' id='word_1_412' title='bbox 3498 3643 3673 3713; x_wconf 84' lang='lat' dir='ltr'><strong>caelo,</strong></span> <span class='ocrx_word' id='word_1_413' title='bbox 3698 3639 3816 3703; x_wconf 90' lang='lat' dir='ltr'><strong>hoc</strong></span> <span class='ocrx_word' id='word_1_414' title='bbox 3842 3648 3967 3716; x_wconf 85' lang='lat' dir='ltr'><strong>est,</strong></span> 
     </span>
     <span class='ocr_line' id='line_1_39' title="bbox 869 3737 3971 3820; baseline 0 -20"><span class='ocrx_word' id='word_1_415' title='bbox 869 3759 1016 3801; x_wconf 86' lang='lat' dir='ltr'><strong>eum</strong></span> <span class='ocrx_word' id='word_1_416' title='bbox 1062 3741 1491 3801; x_wconf 85' lang='lat' dir='ltr'><strong>necessarium</strong></span> <span class='ocrx_word' id='word_1_417' title='bbox 1534 3741 1721 3801; x_wconf 77' lang='lat' dir='ltr'><strong>habet</strong></span> <span class='ocrx_word' id='word_1_418' title='bbox 1759 3761 1783 3800; x_wconf 95' lang='lat'><strong>.·</strong></span> <span class='ocrx_word' id='word_1_419' title='bbox 1827 3741 2180 3803; x_wconf 89' lang='lat' dir='ltr'><strong>secuudum</strong></span> <span class='ocrx_word' id='word_1_420' title='bbox 2233 3760 2368 3805; x_wconf 89' lang='lat' dir='ltr'><strong>mo·</strong></span> <span class='ocrx_word' id='word_1_421' title='bbox 2475 3741 2541 3805; x_wconf 91' lang='lat' dir='ltr'><strong>in</strong></span> <span class='ocrx_word' id='word_1_422' title='bbox 2592 3740 2833 3805; x_wconf 89' lang='lat' dir='ltr'><strong>coelesti</strong></span> <span class='ocrx_word' id='word_1_423' title='bbox 2882 3757 3076 3820; x_wconf 85' lang='lat' dir='ltr'><strong>regno</strong></span> <span class='ocrx_word' id='word_1_424' title='bbox 3120 3746 3219 3800; x_wconf 90' lang='lat' dir='ltr'><strong>est</strong></span> <span class='ocrx_word' id='word_1_425' title='bbox 3254 3757 3377 3820; x_wconf 87' lang='lat' dir='ltr'><strong>pax</strong></span> <span class='ocrx_word' id='word_1_426' title='bbox 3423 3737 3809 3812; x_wconf 77' lang='lat' dir='ltr'><strong>aeternitatiS,</strong></span> <span class='ocrx_word' id='word_1_427' title='bbox 3842 3757 3971 3820; x_wconf 86' lang='lat' dir='ltr'><strong>pax</strong></span> 
     </span>
     <span class='ocr_line' id='line_1_40' title="bbox 871 3835 3972 3921; baseline 0 -21"><span class='ocrx_word' id='word_1_428' title='bbox 871 3837 1024 3900; x_wconf 91' lang='lat' dir='ltr'><strong>dum</strong></span> <span class='ocrx_word' id='word_1_429' title='bbox 1084 3836 1478 3919; x_wconf 80' lang='lat' dir='ltr'><strong>praedictum,</strong></span> <span class='ocrx_word' id='word_1_430' title='bbox 1532 3845 1594 3899; x_wconf 90' lang='lat' dir='ltr'><strong>et</strong></span> <span class='ocrx_word' id='word_1_431' title='bbox 1652 3847 1912 3920; x_wconf 89' lang='lat' dir='ltr'><strong>propter</strong></span> <span class='ocrx_word' id='word_1_432' title='bbox 1959 3857 2181 3900; x_wconf 87' lang='lat' dir='ltr'><strong>causas</strong></span> <span class='ocrx_word' id='word_1_433' title='bbox 2235 3839 2367 3920; x_wconf 87' lang='lat' dir='ltr'><strong>jam</strong></span> <span class='ocrx_word' id='word_1_434' title='bbox 2474 3836 3020 3921; x_wconf 88' lang='lat' dir='ltr'><strong>imperturbabilis</strong></span> <span class='ocrx_word' id='word_1_435' title='bbox 3060 3842 3123 3898; x_wconf 93' lang='lat' dir='ltr'><strong>et</strong></span> <span class='ocrx_word' id='word_1_436' title='bbox 3152 3835 3485 3918; x_wconf 86' lang='lat' dir='ltr'><strong>completa,</strong></span> <span class='ocrx_word' id='word_1_437' title='bbox 3520 3835 3642 3898; x_wconf 90' lang='lat' dir='ltr'><strong>hoc</strong></span> <span class='ocrx_word' id='word_1_438' title='bbox 3676 3844 3771 3898; x_wconf 87' lang='lat' dir='ltr'><strong>est</strong></span> <span class='ocrx_word' id='word_1_439' title='bbox 3808 3855 3972 3900; x_wconf 88' lang='lat' dir='ltr'><strong>sem-</strong></span> 
     </span>
     <span class='ocr_line' id='line_1_41' title="bbox 869 3931 3973 4020; baseline 0.001 -24"><span class='ocrx_word' id='word_1_440' title='bbox 869 3941 1087 3998; x_wconf 76' lang='lat' dir='ltr'><strong>tactaS.</strong></span> <span class='ocrx_word' id='word_1_441' title='bbox 1141 3933 1261 3997; x_wconf 88' lang='lat' dir='ltr'><strong>Sed</strong></span> <span class='ocrx_word' id='word_1_442' title='bbox 1307 3935 1465 4016; x_wconf 90' lang='lat' dir='ltr'><strong>quid</strong></span> <span class='ocrx_word' id='word_1_443' title='bbox 1515 3934 1839 3998; x_wconf 85' lang='lat' dir='ltr'><strong>sciverunt</strong></span> <span class='ocrx_word' id='word_1_444' title='bbox 1886 3935 1982 3998; x_wconf 92' lang='lat' dir='ltr'><strong>illi</strong></span> <span class='ocrx_word' id='word_1_445' title='bbox 2029 3954 2225 4018; x_wconf 89' lang='lat' dir='ltr'><strong>quem</strong></span> <span class='ocrx_word' id='word_1_446' title='bbox 2274 3935 2369 4000; x_wconf 93' lang='lat' dir='ltr'><strong>di-</strong></span> <span class='ocrx_word' id='word_1_447' title='bbox 2476 3938 2725 4020; x_wconf 89' lang='lat' dir='ltr'><strong>piterna</strong></span> <span class='ocrx_word' id='word_1_448' title='bbox 2750 3934 3194 4016; x_wconf 77' lang='lat' dir='ltr'><strong>tranquillitaS,</strong></span> <span class='ocrx_word' id='word_1_449' title='bbox 3222 3931 3715 4007; x_wconf 85' lang='lat' dir='ltr'><strong>deliciosissima,</strong></span> <span class='ocrx_word' id='word_1_450' title='bbox 3750 3934 3973 3999; x_wconf 91' lang='lat' dir='ltr'><strong>incon-</strong></span> 
     </span>
     <span class='ocr_line' id='line_1_42' title="bbox 871 4031 3968 4115; baseline 0.001 -21"><span class='ocrx_word' id='word_1_451' title='bbox 871 4032 1103 4114; x_wconf 90' lang='lat' dir='ltr'><strong>scipuli</strong></span> <span class='ocrx_word' id='word_1_452' title='bbox 1135 4032 1366 4096; x_wconf 91' lang='lat' dir='ltr'><strong>Christi</strong></span> <span class='ocrx_word' id='word_1_453' title='bbox 1406 4033 1808 4115; x_wconf 89' lang='lat' dir='ltr'><strong>designarent</strong></span> <span class='ocrx_word' id='word_1_454' title='bbox 1853 4034 2110 4098; x_wconf 90' lang='lat' dir='ltr'><strong>nomine</strong></span> <span class='ocrx_word' id='word_1_455' title='bbox 2157 4035 2369 4100; x_wconf 88' lang='lat' dir='ltr'><strong>Domi·</strong></span> <span class='ocrx_word' id='word_1_456' title='bbox 2474 4035 2796 4100; x_wconf 88' lang='lat' dir='ltr'><strong>cussibilis</strong></span> <span class='ocrx_word' id='word_1_457' title='bbox 2834 4041 2897 4096; x_wconf 89' lang='lat' dir='ltr'><strong>et</strong></span> <span class='ocrx_word' id='word_1_458' title='bbox 2928 4039 3361 4096; x_wconf 89' lang='lat' dir='ltr'><strong>consummata</strong></span> <span class='ocrx_word' id='word_1_459' title='bbox 3389 4031 3697 4113; x_wconf 85' lang='lat' dir='ltr'><strong>quietatio</strong></span> <span class='ocrx_word' id='word_1_460' title='bbox 3734 4033 3968 4096; x_wconf 89' lang='lat' dir='ltr'><strong>mentis</strong></span> 
     </span>
     <span class='ocr_line' id='line_1_43' title="bbox 870 4129 3969 4216; baseline 0 -22"><span class='ocrx_word' id='word_1_461' title='bbox 870 4130 982 4194; x_wconf 66' lang='lat' dir='ltr'><strong>ni?</strong></span> <span class='ocrx_word' id='word_1_462' title='bbox 1013 4131 1105 4194; x_wconf 86' lang='lat' dir='ltr'><strong>Ad</strong></span> <span class='ocrx_word' id='word_1_463' title='bbox 1134 4132 1304 4212; x_wconf 89' lang='lat' dir='ltr'><strong>quod</strong></span> <span class='ocrx_word' id='word_1_464' title='bbox 1346 4133 1784 4214; x_wconf 89' lang='lat' dir='ltr'><strong>respondetur,</strong></span> <span class='ocrx_word' id='word_1_465' title='bbox 1819 4134 1991 4214; x_wconf 89' lang='lat' dir='ltr'><strong>quod</strong></span> <span class='ocrx_word' id='word_1_466' title='bbox 2032 4132 2195 4197; x_wconf 88' lang='lat' dir='ltr'><strong>forte</strong></span> <span class='ocrx_word' id='word_1_467' title='bbox 2232 4134 2363 4216; x_wconf 88' lang='lat' dir='ltr'><strong>jam</strong></span> <span class='ocrx_word' id='word_1_468' title='bbox 2473 4134 2761 4198; x_wconf 90' lang='lat' dir='ltr'><strong>omnium</strong></span> <span class='ocrx_word' id='word_1_469' title='bbox 2801 4133 3132 4195; x_wconf 89' lang='lat' dir='ltr'><strong>Beatorum</strong></span> <span class='ocrx_word' id='word_1_470' title='bbox 3172 4130 3237 4193; x_wconf 92' lang='lat' dir='ltr'><strong>in</strong></span> <span class='ocrx_word' id='word_1_471' title='bbox 3278 4129 3426 4194; x_wconf 90' lang='lat' dir='ltr'><strong>Deo.</strong></span> <span class='ocrx_word' id='word_1_472' title='bbox 3458 4129 3669 4205; x_wconf 88' lang='lat' dir='ltr'><strong>Porro,</strong></span> <span class='ocrx_word' id='word_1_473' title='bbox 3703 4149 3819 4214; x_wconf 90' lang='lat' dir='ltr'><strong>per</strong></span> <span class='ocrx_word' id='word_1_474' title='bbox 3846 4131 3969 4194; x_wconf 90' lang='lat' dir='ltr'><strong>hoc</strong></span> 
     </span>
     <span class='ocr_line' id='line_1_44' title="bbox 870 4227 3969 4314; baseline 0 -23"><span class='ocrx_word' id='word_1_475' title='bbox 870 4227 1210 4292; x_wconf 88' lang='lat' dir='ltr'><strong>audierunt</strong></span> <span class='ocrx_word' id='word_1_476' title='bbox 1259 4229 1474 4292; x_wconf 88' lang='grc'><strong>16311111</strong></span> <span class='ocrx_word' id='word_1_477' title='bbox 1527 4229 1918 4293; x_wconf 88' lang='lat' dir='ltr'><strong>Nazarenum</strong></span> <span class='ocrx_word' id='word_1_478' title='bbox 1977 4231 2132 4294; x_wconf 90' lang='lat' dir='ltr'><strong>illuc</strong></span> <span class='ocrx_word' id='word_1_479' title='bbox 2190 4234 2366 4296; x_wconf 87' lang='lat' dir='ltr'><strong>veni·</strong></span> <span class='ocrx_word' id='word_1_480' title='bbox 2394 4233 2445 4297; x_wconf 92' lang='lat' dir='ltr'>D</span> <span class='ocrx_word' id='word_1_481' title='bbox 2473 4233 2645 4314; x_wconf 89' lang='lat' dir='ltr'><strong>quod</strong></span> <span class='ocrx_word' id='word_1_482' title='bbox 2693 4231 2934 4305; x_wconf 89' lang='lat' dir='ltr'><strong>dicunt,</strong></span> <span class='ocrx_word' id='word_1_483' title='bbox 2968 4230 3091 4292; x_wconf 89' lang='lat' dir='ltr'><strong>Pax</strong></span> <span class='ocrx_word' id='word_1_484' title='bbox 3140 4228 3205 4290; x_wconf 91' lang='lat' dir='ltr'><strong>in</strong></span> <span class='ocrx_word' id='word_1_485' title='bbox 3256 4228 3437 4302; x_wconf 88' lang='lat' dir='ltr'><strong>coe10,</strong></span> <span class='ocrx_word' id='word_1_486' title='bbox 3472 4228 3836 4310; x_wconf 87' lang='lat' dir='ltr'><strong>designatur</strong></span> <span class='ocrx_word' id='word_1_487' title='bbox 3868 4247 3969 4292; x_wconf 87' lang='lat' dir='ltr'><strong>re-</strong></span> 
     </span>
     <span class='ocr_line' id='line_1_45' title="bbox 873 4326 3969 4411; baseline -0.001 -21"><span class='ocrx_word' id='word_1_488' title='bbox 873 4345 962 4402; x_wconf 89' lang='lat' dir='ltr'><strong>re,</strong></span> <span class='ocrx_word' id='word_1_489' title='bbox 1006 4334 1069 4389; x_wconf 92' lang='lat' dir='ltr'><strong>et</strong></span> <span class='ocrx_word' id='word_1_490' title='bbox 1106 4344 1182 4390; x_wconf 87' lang='lat' dir='ltr'><strong>ex</strong></span> <span class='ocrx_word' id='word_1_491' title='bbox 1223 4327 1444 4390; x_wconf 89' lang='lat' dir='ltr'><strong>habitu</strong></span> <span class='ocrx_word' id='word_1_492' title='bbox 1483 4345 1595 4391; x_wconf 88' lang='lat' dir='ltr'><strong>seu</strong></span> <span class='ocrx_word' id='word_1_493' title='bbox 1632 4329 1776 4392; x_wconf 88' lang='lat' dir='ltr'><strong>aliis</strong></span> <span class='ocrx_word' id='word_1_494' title='bbox 1819 4329 2018 4411; x_wconf 89' lang='lat' dir='ltr'><strong>signis</strong></span> <span class='ocrx_word' id='word_1_495' title='bbox 2065 4331 2366 4395; x_wconf 88' lang='lat' dir='ltr'><strong>notabant</strong></span> <span class='ocrx_word' id='word_1_496' title='bbox 2476 4329 2836 4395; x_wconf 87' lang='lat' dir='ltr'><strong>conciliatio</strong></span> <span class='ocrx_word' id='word_1_497' title='bbox 2890 4328 3142 4410; x_wconf 89' lang='lat' dir='ltr'><strong>generis</strong></span> <span class='ocrx_word' id='word_1_498' title='bbox 3202 4326 3465 4390; x_wconf 91' lang='lat' dir='ltr'><strong>humani</strong></span> <span class='ocrx_word' id='word_1_499' title='bbox 3522 4345 3669 4390; x_wconf 90' lang='lat' dir='ltr'><strong>cum</strong></span> <span class='ocrx_word' id='word_1_500' title='bbox 3724 4327 3849 4392; x_wconf 88' lang='lat' dir='ltr'><strong>Deo</strong></span> <span class='ocrx_word' id='word_1_501' title='bbox 3904 4335 3969 4390; x_wconf 90' lang='lat' dir='ltr'><strong>et</strong></span> 
     </span>
     <span class='ocr_line' id='line_1_46' title="bbox 872 4424 3970 4512; baseline 0 -25"><span class='ocrx_word' id='word_1_502' title='bbox 872 4425 1046 4507; x_wconf 89' lang='lat' dir='ltr'><strong>quod</strong></span> <span class='ocrx_word' id='word_1_503' title='bbox 1074 4424 1170 4488; x_wconf 90' lang='lat' dir='ltr'><strong>illi</strong></span> <span class='ocrx_word' id='word_1_504' title='bbox 1199 4427 1325 4489; x_wconf 92' lang='lat' dir='ltr'><strong>duo</strong></span> <span class='ocrx_word' id='word_1_505' title='bbox 1355 4433 1566 4489; x_wconf 89' lang='lat' dir='ltr'><strong>essent</strong></span> <span class='ocrx_word' id='word_1_506' title='bbox 1594 4426 1892 4509; x_wconf 89' lang='lat' dir='ltr'><strong>discipuli</strong></span> <span class='ocrx_word' id='word_1_507' title='bbox 1923 4427 2086 4509; x_wconf 81' lang='lat' dir='ltr'><strong>ejuS,</strong></span> <span class='ocrx_word' id='word_1_508' title='bbox 2109 4427 2364 4512; x_wconf 84' lang='lat' dir='ltr'><strong>fuitque</strong></span> <span class='ocrx_word' id='word_1_509' title='bbox 2472 4428 2715 4510; x_wconf 89' lang='lat' dir='ltr'><strong>angelis</strong></span> <span class='ocrx_word' id='word_1_510' title='bbox 2754 4426 2986 4490; x_wconf 91' lang='lat' dir='ltr'><strong>sanctis</strong></span> <span class='ocrx_word' id='word_1_511' title='bbox 3024 4425 3189 4489; x_wconf 89' lang='lat' dir='ltr'><strong>facta</strong></span> <span class='ocrx_word' id='word_1_512' title='bbox 3226 4443 3339 4508; x_wconf 88' lang='lat' dir='ltr'><strong>per</strong></span> <span class='ocrx_word' id='word_1_513' title='bbox 3369 4424 3709 4500; x_wconf 90' lang='lat' dir='ltr'><strong>Christum,</strong></span> <span class='ocrx_word' id='word_1_514' title='bbox 3741 4443 3970 4507; x_wconf 87' lang='lat' dir='ltr'><strong>quem-</strong></span> 
     </span>
     <span class='ocr_line' id='line_1_47' title="bbox 873 4521 4211 4608; baseline 0.001 -22"><span class='ocrx_word' id='word_1_515' title='bbox 873 4531 1028 4588; x_wconf 90' lang='lat' dir='ltr'><strong>tunc</strong></span> <span class='ocrx_word' id='word_1_516' title='bbox 1070 4543 1286 4589; x_wconf 88' lang='lat' dir='ltr'><strong>rumor</strong></span> <span class='ocrx_word' id='word_1_517' title='bbox 1327 4525 1710 4601; x_wconf 87' lang='lat' dir='ltr'><strong>communis,</strong></span> <span class='ocrx_word' id='word_1_518' title='bbox 1754 4528 1926 4608; x_wconf 89' lang='lat' dir='ltr'><strong>quod</strong></span> <span class='ocrx_word' id='word_1_519' title='bbox 1971 4528 2150 4590; x_wconf 86' lang='grc'><strong>163113</strong></span> <span class='ocrx_word' id='word_1_520' title='bbox 2199 4538 2367 4593; x_wconf 89' lang='lat' dir='ltr'><strong>esset</strong></span> <span class='ocrx_word' id='word_1_521' title='bbox 2472 4528 2813 4592; x_wconf 90' lang='lat' dir='ltr'><strong>admodum</strong></span> <span class='ocrx_word' id='word_1_522' title='bbox 2862 4527 2940 4589; x_wconf 92' lang='lat' dir='ltr'><strong>de</strong></span> <span class='ocrx_word' id='word_1_523' title='bbox 2988 4523 3234 4589; x_wconf 92' lang='lat' dir='ltr'><strong>Christo</strong></span> <span class='ocrx_word' id='word_1_524' title='bbox 3280 4523 3367 4585; x_wconf 91' lang='lat' dir='ltr'><strong>ait</strong></span> <span class='ocrx_word' id='word_1_525' title='bbox 3414 4522 3750 4606; x_wconf 86' lang='lat' dir='ltr'><strong>Apostolus</strong></span> <span class='ocrx_word' id='word_1_526' title='bbox 3796 4542 3812 4587; x_wconf 80' lang='lat' dir='ltr'><strong>t</strong></span> <span class='ocrx_word' id='word_1_527' title='bbox 3856 4521 3967 4586; x_wconf 86' lang='lat' dir='ltr'><strong>Pa·</strong></span> <span class='ocrx_word' id='word_1_528' title='bbox 4028 4551 4211 4595; x_wconf 38' lang='lat' dir='ltr'><strong>0010„ss</strong></span> 
     </span>
     <span class='ocr_line' id='line_1_48' title="bbox 877 4617 4055 4708; baseline 0 -24"><span class='ocrx_word' id='word_1_529' title='bbox 877 4640 986 4684; x_wconf 88' lang='lat' dir='ltr'><strong>rex</strong></span> <span class='ocrx_word' id='word_1_530' title='bbox 1023 4621 1274 4686; x_wconf 81' lang='lat' dir='ltr'><strong>Messias</strong></span> <span class='ocrx_word' id='word_1_531' title='bbox 1317 4642 1332 4687; x_wconf 74' lang='grc' dir='ltr'><em>τ</em></span> <span class='ocrx_word' id='word_1_532' title='bbox 1377 4623 1546 4687; x_wconf 90' lang='lat' dir='ltr'><strong>unde</strong></span> <span class='ocrx_word' id='word_1_533' title='bbox 1588 4642 1702 4707; x_wconf 89' lang='lat' dir='ltr'><strong>per</strong></span> <span class='ocrx_word' id='word_1_534' title='bbox 1745 4623 2080 4688; x_wconf 89' lang='lat' dir='ltr'><strong>Dominum</strong></span> <span class='ocrx_word' id='word_1_535' title='bbox 2128 4627 2365 4691; x_wconf 89' lang='lat' dir='ltr'><strong>intelli·</strong></span> <span class='ocrx_word' id='word_1_536' title='bbox 2473 4626 2735 4690; x_wconf 87' lang='lat' dir='ltr'><strong>cificans</strong></span> <span class='ocrx_word' id='word_1_537' title='bbox 2786 4643 2900 4708; x_wconf 89' lang='lat' dir='ltr'><strong>per</strong></span> <span class='ocrx_word' id='word_1_538' title='bbox 2947 4623 3319 4705; x_wconf 90' lang='lat' dir='ltr'><strong>sanguinem</strong></span> <span class='ocrx_word' id='word_1_539' title='bbox 3368 4622 3575 4686; x_wconf 89' lang='lat' dir='ltr'><strong>crucis</strong></span> <span class='ocrx_word' id='word_1_540' title='bbox 3622 4622 3783 4703; x_wconf 76' lang='lat' dir='ltr'><strong>ejuS,</strong></span> <span class='ocrx_word' id='word_1_541' title='bbox 3828 4622 3965 4686; x_wconf 88' lang='lat' dir='ltr'><strong>sive</strong></span> <span class='ocrx_word' id='word_1_542' title='bbox 3992 4617 4055 4656; x_wconf 75' lang='lat'><strong>²⁰·</strong></span> 
     </span>
     <span class='ocr_line' id='line_1_49' title="bbox 670 4719 3967 4808; baseline -0.001 -20"><span class='ocrx_word' id='word_1_543' title='bbox 670 4729 742 4788; x_wconf 73' lang='lat'><strong>35</strong></span> <span class='ocrx_word' id='word_1_544' title='bbox 873 4719 1106 4801; x_wconf 86' lang='lat' dir='ltr'><strong>gebant</strong></span> <span class='ocrx_word' id='word_1_545' title='bbox 1133 4721 1368 4784; x_wconf 88' lang='grc'><strong>16311111.</strong></span> <span class='ocrx_word' id='word_1_546' title='bbox 1415 4725 1504 4784; x_wconf 81' lang='lat' dir='ltr'><strong>Et</strong></span> <span class='ocrx_word' id='word_1_547' title='bbox 1546 4725 1882 4784; x_wconf 76' lang='lat' dir='ltr'><strong>duoeerunt</strong></span> <span class='ocrx_word' id='word_1_548' title='bbox 1928 4725 2152 4796; x_wconf 84' lang='lat' dir='ltr'><strong>illum,</strong></span> <span class='ocrx_word' id='word_1_549' title='bbox 2195 4726 2365 4788; x_wconf 91' lang='lat' dir='ltr'><strong>scili·</strong></span> <span class='ocrx_word' id='word_1_550' title='bbox 2472 4745 2616 4808; x_wconf 82' lang='lat' dir='ltr'><strong>quae</strong></span> <span class='ocrx_word' id='word_1_551' title='bbox 2646 4725 2711 4789; x_wconf 93' lang='lat' dir='ltr'><strong>in</strong></span> <span class='ocrx_word' id='word_1_552' title='bbox 2741 4725 2929 4787; x_wconf 88' lang='lat' dir='ltr'><strong>terris</strong></span> <span class='ocrx_word' id='word_1_553' title='bbox 2960 4731 3129 4798; x_wconf 91' lang='lat' dir='ltr'><strong>sunt,</strong></span> <span class='ocrx_word' id='word_1_554' title='bbox 3165 4723 3301 4787; x_wconf 85' lang='lat' dir='ltr'><strong>sive</strong></span> <span class='ocrx_word' id='word_1_555' title='bbox 3328 4740 3472 4804; x_wconf 77' lang='lat' dir='ltr'><strong>quae</strong></span> <span class='ocrx_word' id='word_1_556' title='bbox 3502 4721 3568 4784; x_wconf 95' lang='lat' dir='ltr'><strong>in</strong></span> <span class='ocrx_word' id='word_1_557' title='bbox 3600 4721 3800 4786; x_wconf 87' lang='lat' dir='ltr'><strong>coelis.</strong></span> <span class='ocrx_word' id='word_1_558' title='bbox 3830 4719 3967 4784; x_wconf 90' lang='lat' dir='ltr'><strong>Sic-</strong></span> 
     </span>
     <span class='ocr_line' id='line_1_50' title="bbox 876 4817 3959 4905; baseline -0 -23"><span class='ocrx_word' id='word_1_559' title='bbox 876 4825 977 4882; x_wconf 88' lang='lat' dir='ltr'><strong>cet</strong></span> <span class='ocrx_word' id='word_1_560' title='bbox 1024 4818 1276 4901; x_wconf 89' lang='lat' dir='ltr'><strong>pullum</strong></span> <span class='ocrx_word' id='word_1_561' title='bbox 1323 4819 1516 4882; x_wconf 90' lang='lat' dir='ltr'><strong>simul</strong></span> <span class='ocrx_word' id='word_1_562' title='bbox 1564 4839 1710 4883; x_wconf 90' lang='lat' dir='ltr'><strong>cum</strong></span> <span class='ocrx_word' id='word_1_563' title='bbox 1763 4821 1958 4897; x_wconf 88' lang='lat' dir='ltr'><strong>asina,</strong></span> <span class='ocrx_word' id='word_1_564' title='bbox 1991 4825 2080 4884; x_wconf 87' lang='lat' dir='ltr'><strong>ad</strong></span> <span class='ocrx_word' id='word_1_565' title='bbox 2118 4825 2359 4886; x_wconf 87' lang='lat' dir='ltr'><strong>Jesum.</strong></span> <span class='ocrx_word' id='word_1_566' title='bbox 2472 4841 2601 4905; x_wconf 89' lang='lat' dir='ltr'><strong>que</strong></span> <span class='ocrx_word' id='word_1_567' title='bbox 2630 4821 2861 4904; x_wconf 85' lang='lat' dir='ltr'><strong>exponi</strong></span> <span class='ocrx_word' id='word_1_568' title='bbox 2893 4827 3101 4903; x_wconf 90' lang='lat' dir='ltr'><strong>potest</strong></span> <span class='ocrx_word' id='word_1_569' title='bbox 3132 4839 3147 4882; x_wconf 88' lang='lat'><strong>:</strong></span> <span class='ocrx_word' id='word_1_570' title='bbox 3180 4819 3324 4894; x_wconf 89' lang='lat' dir='ltr'><strong>Pax,</strong></span> <span class='ocrx_word' id='word_1_571' title='bbox 3358 4819 3421 4880; x_wconf 93' lang='lat' dir='ltr'><strong>id</strong></span> <span class='ocrx_word' id='word_1_572' title='bbox 3454 4824 3550 4880; x_wconf 88' lang='lat' dir='ltr'><strong>est</strong></span> <span class='ocrx_word' id='word_1_573' title='bbox 3580 4817 3959 4900; x_wconf 89' lang='lat' dir='ltr'><strong>pacificati0,</strong></span> 
     </span>
     <span class='ocr_line' id='line_1_51' title="bbox 874 4914 4240 5008; baseline -0.001 -28"><span class='ocrx_word' id='word_1_574' title='bbox 874 4919 962 4980; x_wconf 83' lang='lat' dir='ltr'><strong>E&#39;t</strong></span> <span class='ocrx_word' id='word_1_575' title='bbox 991 4919 1324 4995; x_wconf 85' lang='lat' dir='ltr'><strong>jactantes</strong></span> <span class='ocrx_word' id='word_1_576' title='bbox 1377 4921 1755 4981; x_wconf 81' lang='lat' dir='ltr'><strong>vestimenta</strong></span> <span class='ocrx_word' id='word_1_577' title='bbox 1807 4940 1926 4982; x_wconf 89' lang='lat' dir='ltr'><strong>sua</strong></span> <span class='ocrx_word' id='word_1_578' title='bbox 1982 4941 2176 5000; x_wconf 88' lang='lat' dir='ltr'><strong>super</strong></span> <span class='ocrx_word' id='word_1_579' title='bbox 2214 4928 2365 5002; x_wconf 84' lang='lat' dir='ltr'><strong>pul-</strong></span> <span class='ocrx_word' id='word_1_580' title='bbox 2472 4928 2568 4984; x_wconf 92' lang='lat' dir='ltr'><strong>est</strong></span> <span class='ocrx_word' id='word_1_581' title='bbox 2616 4921 2681 4983; x_wconf 91' lang='lat' dir='ltr'><strong>in</strong></span> <span class='ocrx_word' id='word_1_582' title='bbox 2732 4919 2894 4984; x_wconf 88' lang='lat' dir='ltr'><strong>coelo</strong></span> <span class='ocrx_word' id='word_1_583' title='bbox 2940 4918 3050 4980; x_wconf 90' lang='lat' dir='ltr'><strong>Dei</strong></span> <span class='ocrx_word' id='word_1_584' title='bbox 3098 4923 3162 4980; x_wconf 90' lang='lat' dir='ltr'><strong>et</strong></span> <span class='ocrx_word' id='word_1_585' title='bbox 3216 4916 3585 4998; x_wconf 86' lang='lat' dir='ltr'><strong>angelorum</strong></span> <span class='ocrx_word' id='word_1_586' title='bbox 3633 4917 3713 4978; x_wconf 90' lang='lat' dir='ltr'><strong>ad</strong></span> <span class='ocrx_word' id='word_1_587' title='bbox 3758 4914 3965 4978; x_wconf 87' lang='lat' dir='ltr'><strong>homi·</strong></span> <span class='ocrx_word' id='word_1_588' title='bbox 4239 4969 4240 5008; x_wconf 27' lang='lat'>¹</span> 
     </span>
     <span class='ocr_line' id='line_1_52' title="bbox 582 5012 3961 5098; baseline 0.001 -23"><span class='ocrx_word' id='word_1_589' title='bbox 582 5029 846 5084; x_wconf 58' lang='lat' dir='ltr'><strong>uanum,</strong></span> <span class='ocrx_word' id='word_1_590' title='bbox 879 5017 1042 5086; x_wconf 86' lang='lat' dir='ltr'><strong>lum,</strong></span> <span class='ocrx_word' id='word_1_591' title='bbox 1098 5015 1229 5080; x_wconf 91' lang='lat' dir='ltr'><strong>imo</strong></span> <span class='ocrx_word' id='word_1_592' title='bbox 1289 5023 1353 5079; x_wconf 90' lang='lat' dir='ltr'><strong>et</strong></span> <span class='ocrx_word' id='word_1_593' title='bbox 1414 5033 1608 5098; x_wconf 88' lang='lat' dir='ltr'><strong>super</strong></span> <span class='ocrx_word' id='word_1_594' title='bbox 1666 5015 1941 5094; x_wconf 88' lang='lat' dir='ltr'><strong>asinam,</strong></span> <span class='ocrx_word' id='word_1_595' title='bbox 2009 5023 2361 5085; x_wconf 90' lang='lat' dir='ltr'><strong>secundum</strong></span> <span class='ocrx_word' id='word_1_596' title='bbox 2472 5039 2607 5084; x_wconf 90' lang='lat' dir='ltr'><strong>nes.</strong></span> <span class='ocrx_word' id='word_1_597' title='bbox 2659 5018 2963 5082; x_wconf 80' lang='lat' dir='ltr'><strong>Praeterea</strong></span> <span class='ocrx_word' id='word_1_598' title='bbox 3018 5015 3217 5097; x_wconf 81' lang='lat' dir='ltr'><strong>quaeri</strong></span> <span class='ocrx_word' id='word_1_599' title='bbox 3276 5022 3502 5097; x_wconf 91' lang='lat' dir='ltr'><strong>potest,</strong></span> <span class='ocrx_word' id='word_1_600' title='bbox 3553 5032 3669 5076; x_wconf 92' lang='lat' dir='ltr'><strong>cur</strong></span> <span class='ocrx_word' id='word_1_601' title='bbox 3714 5012 3961 5078; x_wconf 88' lang='lat' dir='ltr'><strong>Christo</strong></span> 
     </span>
     <span class='ocr_line' id='line_1_53' title="bbox 583 5095 4205 5202; baseline -0.002 -28"><span class='ocrx_word' id='word_1_602' title='bbox 583 5095 624 5137; x_wconf 85' lang='lat'><strong>⁷·</strong></span> <span class='ocrx_word' id='word_1_603' title='bbox 873 5111 1252 5190; x_wconf 79' lang='lat' dir='ltr'><strong>Matthaeum,</strong></span> <span class='ocrx_word' id='word_1_604' title='bbox 1287 5122 1358 5177; x_wconf 90' lang='lat' dir='ltr'><strong>ut</strong></span> <span class='ocrx_word' id='word_1_605' title='bbox 1391 5113 1568 5178; x_wconf 84' lang='lat' dir='ltr'><strong>Jesus</strong></span> <span class='ocrx_word' id='word_1_606' title='bbox 1606 5115 1863 5180; x_wconf 90' lang='lat' dir='ltr'><strong>mollius</strong></span> <span class='ocrx_word' id='word_1_607' title='bbox 1903 5116 2361 5202; x_wconf 85' lang='lat' dir='ltr'><strong>decentiusque</strong></span> <span class='ocrx_word' id='word_1_608' title='bbox 2471 5125 2768 5182; x_wconf 87' lang='lat' dir='ltr'><strong>nascente</strong></span> <span class='ocrx_word' id='word_1_609' title='bbox 2815 5115 3021 5197; x_wconf 89' lang='lat' dir='ltr'><strong>angeli</strong></span> <span class='ocrx_word' id='word_1_610' title='bbox 3070 5113 3459 5188; x_wconf 88' lang='lat' dir='ltr'><strong>cecinerunt,</strong></span> <span class='ocrx_word' id='word_1_611' title='bbox 3508 5111 3629 5174; x_wconf 86' lang='lat' dir='ltr'><strong>Pax</strong></span> <span class='ocrx_word' id='word_1_612' title='bbox 3680 5111 3745 5174; x_wconf 92' lang='lat' dir='ltr'><strong>in</strong></span> <span class='ocrx_word' id='word_1_613' title='bbox 3794 5120 3963 5174; x_wconf 88' lang='lat' dir='ltr'><strong>terra</strong></span> <span class='ocrx_word' id='word_1_614' title='bbox 3988 5134 4087 5177; x_wconf 68' lang='lat' dir='ltr'><strong>Luc.</strong></span> <span class='ocrx_word' id='word_1_615' title='bbox 4102 5129 4205 5178; x_wconf 50' lang='grc'><strong>1111.</strong></span> 
     </span>
     <span class='ocr_line' id='line_1_54' title="bbox 876 5211 3959 5299; baseline 0 -26"><span class='ocrx_word' id='word_1_616' title='bbox 876 5211 1142 5286; x_wconf 86' lang='lat' dir='ltr'><strong>sederet,</strong></span> <span class='ocrx_word' id='word_1_617' title='bbox 1192 5213 1636 5290; x_wconf 86' lang='lat' dir='ltr'><strong>imposuerunt</strong></span> <span class='ocrx_word' id='word_1_618' title='bbox 1688 5217 1904 5276; x_wconf 74' lang='lat' dir='ltr'><strong>,Iesum</strong></span> <span class='ocrx_word' id='word_1_619' title='bbox 1965 5233 2161 5297; x_wconf 89' lang='lat' dir='ltr'><strong>super</strong></span> <span class='ocrx_word' id='word_1_620' title='bbox 2221 5217 2363 5299; x_wconf 85' lang='lat' dir='ltr'><strong>pul·</strong></span> <span class='ocrx_word' id='word_1_621' title='bbox 2468 5215 2860 5290; x_wconf 80' lang='lat' dir='ltr'><strong>hominibuS,</strong></span> <span class='ocrx_word' id='word_1_622' title='bbox 2896 5232 3068 5276; x_wconf 88' lang='lat' dir='ltr'><strong>nunc</strong></span> <span class='ocrx_word' id='word_1_623' title='bbox 3106 5231 3254 5276; x_wconf 91' lang='lat' dir='ltr'><strong>vero</strong></span> <span class='ocrx_word' id='word_1_624' title='bbox 3292 5212 3432 5295; x_wconf 91' lang='lat' dir='ltr'><strong>ipso</strong></span> <span class='ocrx_word' id='word_1_625' title='bbox 3472 5213 3550 5274; x_wconf 88' lang='lat' dir='ltr'><strong>ad</strong></span> <span class='ocrx_word' id='word_1_626' title='bbox 3600 5211 3959 5293; x_wconf 90' lang='lat' dir='ltr'><strong>passionem</strong></span> 
     </span>
     <span class='ocr_line' id='line_1_55' title="bbox 669 5307 3952 5393; baseline -0.002 -19"><span class='ocrx_word' id='word_1_627' title='bbox 669 5315 740 5374; x_wconf 73' lang='lat'><strong>30</strong></span> <span class='ocrx_word' id='word_1_628' title='bbox 875 5307 1032 5384; x_wconf 90' lang='lat' dir='ltr'><strong>lum,</strong></span> <span class='ocrx_word' id='word_1_629' title='bbox 1082 5311 1582 5376; x_wconf 85' lang='lat' dir='ltr'><strong>reverentialiter</strong></span> <span class='ocrx_word' id='word_1_630' title='bbox 1626 5311 2066 5376; x_wconf 89' lang='lat' dir='ltr'><strong>ministrando.</strong></span> <span class='ocrx_word' id='word_1_631' title='bbox 2121 5315 2361 5393; x_wconf 86' lang='lat' dir='ltr'><strong>[Eunte</strong></span> <span class='ocrx_word' id='word_1_632' title='bbox 2468 5316 2786 5389; x_wconf 89' lang='lat' dir='ltr'><strong>tendente,</strong></span> <span class='ocrx_word' id='word_1_633' title='bbox 2838 5312 3163 5376; x_wconf 88' lang='lat' dir='ltr'><strong>clamitant</strong></span> <span class='ocrx_word' id='word_1_634' title='bbox 3208 5311 3432 5386; x_wconf 68' lang='lat' dir='ltr'><strong>turba,</strong></span> <span class='ocrx_word' id='word_1_635' title='bbox 3481 5309 3603 5372; x_wconf 86' lang='lat' dir='ltr'><strong>Pax</strong></span> <span class='ocrx_word' id='word_1_636' title='bbox 3652 5308 3717 5372; x_wconf 94' lang='lat' dir='ltr'><strong>in</strong></span> <span class='ocrx_word' id='word_1_637' title='bbox 3767 5308 3952 5373; x_wconf 89' lang='lat' dir='ltr'><strong>coelo.</strong></span> 
     </span>
    </p>
   </div>
  </div>
 </body>
</html>
