4300 6259
70 765 273 810 meun
284 770 353 817 ,7.

94 2444 302 2488 Coaeou.
332 2455 370 2491 ι,

54 2510 129 2549 Ξ3.

160 2724 235 2778 11

1189 481 1541 530 ENARRATIO
1583 483 1647 530 m
1688 483 1828 531 GAP.
1872 484 1934 529 vl
1976 483 2250 530 JoANMS.
2296 503 2376 514 -
2418 485 2560 530 ART.
2606 485 2709 531 xvi

3385 469 3504 534 387

387 651 684 714 ascendit
733 670 929 733 super
978 654 1210 717 coelum
1252 656 1395 718 coeli
1436 657 1515 718 ad
1562 656 1894 720 orientem.
1930 654 1979 738 Α
2009 652 2269 716 delicias
2298 654 2584 719 fastidire
2612 675 2686 718 ac
2713 657 3061 738 aspernari.
3085 656 3502 730 Quamobrem

386 749 441 810 A
495 769 751 813 summo
799 751 1037 813 etenim
1087 754 1248 817 coelo
1300 755 1577 834 egressio
1627 755 1785 835 ejuS,
1838 761 1901 818 et

384 866 702 911 occursus
760 849 901 929 ejus
963 870 1166 933 usque
1222 854 1299 915 ad
1360 873 1683 916 summurn
1734 853 1894 933 ejus.

392 945 470 1010 Et
519 947 612 1008 ibi
664 947 923 1010 sedebat
982 951 1057 1011 ad
1109 951 1428 1014 dexte-ram
1480 951 1699 1025 PatriS‚
1753 972 1899 1015 cum

394 1044 735 1128 discipulis
802 1047 959 1122 suis,
1023 1048 1088 1110 id
1154 1057 1250 1112 est
1315 1050 1631 1113 universis
1699 1050 1898 1113 beatis

392 1145 640 1225 angelis
697 1145 1167 1229 animabusque
1222 1148 1618 1230 glorificatis.
1669 1149 1900 1212 Omnes

394 1261 677 1324 namque
726 1243 899 1306 cives
950 1246 1125 1326 regni
1178 1247 1475 1322 coelesti5‚
1519 1255 1648 1310 tam
1692 1249 1897 1329 angeli

395 1360 593 1422 quam
632 1341 864 1405 animae
904 1343 1218 1424 gloriosae,
1255 1353 1629 1427 purgantur,
1664 1346 1902 1408 illumi-

396 1447 655 1514 nantur,
708 1448 771 1502 et
819 1441 1249 1523 perficiuntur
1303 1463 1339 1506 a
1389 1444 1656 1520 Christo,
1710 1445 1898 1508 etiam

398 1539 755 1602 secundum
791 1550 1080 1603 naturam
1110 1551 1527 1624 assumptam,
1548 1545 1897 1606 secundum

399 1637 695 1699 divinum
734 1638 1106 1721 Dionysium
1143 1658 1156 1703 :
1192 1641 1419 1705 merito
1464 1660 1612 1723 ergo
1658 1662 1903 1706 nuncu-

400 1743 636 1817 pantur
679 1736 980 1818 discipuli
1025 1737 1187 1818 ejuS.

2009 751 2162 813 dicit
2204 752 2622 836 Hieronymus
2658 773 2671 817 ε
2707 755 2861 817 Ama
2904 756 3112 818 studia
3153 755 3505 838 Scriptura-

2012 870 2176 926 rum‚
2229 859 2292 913 et
2341 853 2580 915 ventris
2631 854 2889 916 delicias
2937 873 3063 917 non
3117 855 3380 918 amabis,
3432 857 3506 918 Et

2008 949 2347 1030 Apostolus
2401 970 2415 1013 :
2468 949 2894 1034 Quaecumque
2947 953 3216 1034 (inquit)
3271 955 3506 1037 scripta
3534 969 3798 1019 nomana

2010 1055 2179 1122 sunt,
2223 1049 2301 1110 ad
2341 1058 2621 1112 nostram
2662 1051 3012 1113 doctrinam
3053 1053 3290 1134 scripta
3333 1061 3502 1127 sunt,

2012 1155 2080 1207 ut
2119 1163 2233 1227 per
2272 1147 2644 1228 patientiam
2686 1156 2750 1210 et
2797 1150 3290 1213 consolationem
3343 1149 3509 1213 Scri-

2010 1252 2365 1325 pturarum,
2419 1264 2598 1328 spem
2648 1247 3015 1310 habeamus.
3069 1248 3227 1310 Hinc
3277 1267 3508 1332 nempe

2010 1342 2075 1404 in
2106 1342 2289 1405 libris
2318 1343 2810 1408 Machabaeorum
2831 1347 3120 1410 Jonathas
3146 1346 3344 1410 fassus
3373 1357 3502 1411 est:

2007 1442 2129 1504 Nos
2171 1442 2348 1505 nullo
2385 1443 2611 1506 horum
2653 1445 3034 1524 indigemuS,
3072 1445 3374 1509 habentes
3415 1465 3505 1510 so-
3535 1462 3800 1514 mamm,

2009 1540 2161 1604 latio
2219 1549 2466 1604 sanctos
2516 1540 2712 1607 libros
2763 1543 2874 1624 qui
2927 1544 2992 1605 in
3043 1544 3340 1607 manibus
3396 1563 3508 1608 no-
3535 1531 3577 1571 ⁹·

2011 1639 2158 1700 stris
2201 1646 2370 1701 sunt.

2090 1735 2358 1808 Quartus
2390 1738 2594 1819 paniS,
2619 1748 2714 1801 est
2739 1740 2942 1820 gratia
2968 1748 3218 1821 gratum
3248 1739 3506 1816 faciem,

480 1833 657 1896 Tunc
716 1835 996 1916 denique
1048 1835 1407 1898 sublevavit
1452 1837 1630 1900 Jesus
1685 1837 1901 1901 oculos
1939 1838 2160 1899 Bcum
2225 1835 2666 1917 spiritualibus
2736 1837 2922 1901 bonis
2991 1838 3114 1900 sibi
3184 1839 3506 1922 insepara-

399 1949 531 1994 suae
576 1931 1082 2013 inexcogitabilis
1128 1933 1403 2016 pietatiS‚
1446 1943 1511 1998 et
1551 1936 1710 1998 vidit
1752 1937 1906 2019 quia

400 2030 746 2094 multitudo
798 2032 1074 2095 maxima
1124 2033 1299 2096 venit
1347 2035 1427 2096 ad
1485 2052 1631 2096 eum
1686 2054 1699 2096 ε
1753 2036 1905 2116 quia

400 2128 468 2190 in
513 2128 815 2192 omnibus
864 2129 1110 2192 finibus
1159 2138 1361 2206 terrai,
1405 2132 1903 2196 innumerabiles

396 2235 619 2310 gentes
664 2228 1199 2292 convertebantur
1234 2231 1313 2292 ad
1361 2231 1597 2313 ipsum.
1632 2232 1807 2295 Unde
1844 2240 1908 2294 et

399 2326 633 2390 Paulus
666 2328 731 2390 in
764 2328 1033 2410 epistola
1070 2329 1147 2390 ad
1188 2328 1609 2404 ColossenseS,
1645 2338 1909 2393 testatur

400 2425 818 2508 Evangelium
862 2446 977 2490 suo
1009 2435 1295 2509 tempore
1324 2445 1461 2490 esse
1496 2430 1905 2510 praedicatum

402 2525 472 2586 in
509 2526 688 2589 omni
734 2533 1021 2588 creatura
1062 2544 1207 2607 quae
1250 2526 1369 2588 sub
1414 2529 1575 2590 coelo
1616 2535 1731 2590 est.

484 2623 825 2707 Quumque
864 2625 1129 2688 vidisset
1170 2643 1276 2689 eos
1306 2626 1642 2708 -spirituali
1687 2627 1906 2692 alimo-

404 2721 515 2784 nia
543 2723 926 2804 indigentes,
960 2731 1023 2785 et
1050 2723 1362 2804 justitiam
1394 2725 1769 2800 esurienteS,
1803 2726 1910 2788 de-

402 2821 739 2902 ditatque
797 2821 1131 2903 proposuit
1188 2821 1280 2884 eis
1338 2823 1628 2905 quinque
1685 2842 1903 2906 paneS,

400 2919 685 2982 animam
725 2920 1053 2984 viatricem
1095 2921 1366 2983 dulciter
1406 2929 1598 3004 atque
1638 2921 1910 2985 fortissi-

2013 1933 2231 1996 biliter
2290 1934 2576 2008 annexiS,
2638 1955 2783 2016 quae
2843 1943 2992 1998 sunt
3054 1945 3180 1999 tres
3244 1938 3510 2001 virtutes

2014 2031 2402 2112 theologicae,
2449 2041 2692 2115 septem
2743 2035 2905 2097 dona
2953 2034 3226 2116 Spiritus
3274 2035 3508 2108 Sancti,

2015 2139 2368 2212 ceteraeque
2399 2131 2665 2194 virtutes
2706 2131 2954 2208 infusae,
2989 2141 3051 2196 et
3089 2133 3334 2197 fructus
3372 2133 3514 2217 Spi-
3589 2205 3594 2212 ,

2018 2229 2178 2291 ritus
2221 2248 2234 2292 :
2277 2230 2515 2311 quibus
2562 2231 2777 2294 anima
2825 2231 3241 2313 spiritualiter
3281 2233 3511 2315 impin-

2015 2335 2258 2408 guatur,
2274 2337 2562 2400 armatur,
2580 2327 2974 2404 fecundatur,
2989 2329 3513 2412 invincibilisque

2018 2425 2323 2488 efficitur.
2345 2426 2543 2500 Unde,
2570 2428 2920 2488 secundum
2953 2427 3364 2509 Apostolum:
3391 2428 3514 2512 Op-
3558 2447 3803 2498 Hatram,

2019 2525 2248 2587 timum
2298 2532 2392 2587 est
2436 2525 2636 2605 gratia
2685 2525 2956 2588 stabiliri
3004 2545 3133 2589 cor.
3185 2526 3262 2589 Et
3311 2527 3514 2610 poeni-
3541 2513 3584 2553 ⁹·

2020 2631 2159 2685 tens
2207 2623 2295 2685 ait
2345 2642 2358 2686 :
2413 2623 2751 2686 Percussus
2810 2643 2952 2686 sum
3007 2633 3077 2687 ut
3131 2624 3400 2701 foenum,
3452 2634 3515 2688 et
3573 2646 3778 2697 paens.

2018 2722 2188 2784 aruit
2223 2741 2331 2784 cor
2374 2724 2609 2796 meum,
2643 2722 2796 2803 quia
2833 2721 3068 2785 oblitus
3117 2743 3258 2785 sum
3309 2742 3516 2788 come-

2021 2821 2170 2882 dere
2218 2837 2448 2901 panem
2497 2838 2734 2882 meum.
2788 2820 2902 2882 Hic
2951 2822 3132 2902 panis
3177 2822 3396 2902 gratiae
3448 2823 3510 2884 in

2021 2919 2234 2980 anima
2295 2927 2508 2981 nostra
2566 2918 2963 3000 spiritualem
3025 2920 3218 2983 vitam
3282 2921 3511 2994 initiat,

403 3035 509 3079 me
554 3017 941 3080 reficientes.
974 3053 1056 3063 —
1094 3018 1341 3080 Primus
1386 3020 1588 3101 panis,
1632 3028 1726 3082 est
1770 3021 1909 3103 ipsa
1944 3024 1990 3088 c
2020 3016 2394 3080 deiformem
2455 3017 2940 3080 similitudinem
2999 3027 3272 3100 praestat,
3325 3027 3517 3100 atque

400 3118 937 3199 superbenedicta
977 3117 1307 3194 DivinitaS‚
1350 3139 1494 3200 quae
1536 3119 1701 3181 sicut
1738 3139 1909 3184 com-

402 3216 829 3298 prehensores
875 3217 990 3278 alit
1046 3236 1161 3299 per
1217 3218 1520 3300 speciem,
1574 3217 1909 3300 reficitque

402 3314 845 3377 indesinenter
894 3334 1010 3398 per
1058 3315 1157 3378 sui
1213 3317 1416 3399 ipsius
1466 3317 1909 3380 suavissimam

322 3415 330 3421 ”
402 3413 803 3488 fruitionem,
840 3413 932 3476 sic
970 3414 1084 3476 alit
1129 3414 1397 3478 viatores
1442 3433 1553 3496 per
1596 3415 1815 3489 fidem,
1850 3423 1913 3477 et

404 3512 663 3575 roborat
720 3530 836 3595 per
890 3513 1491 3594 contemplationem
1548 3532 1636 3576 ac·
1667 3513 1913 3578 futuro-

405 3629 552 3672 rum
582 3611 962 3691 gaudiorum
994 3611 1349 3692 piissimam
1383 3611 1907 3693 praelibationem.

404 3707 847 3770 —Secundus
898 3709 1104 3790 paniS,
1148 3718 1243 3772 est
1292 3728 1525 3792 corpus
1572 3709 1911 3775 Salvatoris

409 3807 533 3869 sub
564 3805 903 3888 speciebus
933 3806 1498 3872 sacramentalibus
1528 3815 1785 3887 tectum,
1812 3829 1913 3891 pa-

92 3922 381 3966 vet-seui
412 3906 515 3966 nis
564 3904 773 3979 vivuS,
823 3923 1141 3987 verusque
1192 3905 1397 3978 cibus,
1446 3909 1522 3970 de
1570 3926 1700 3989 quo
1747 3907 1915 3970 infra

60 3999 169 4043 aeq.

64 4121 83 4165 1
98 4121 225 4165 Cor.
242 4121 319 4170 x‚¹
332 4119 381 4158 6.

72 4808 389 4862 Ecelianss-

72 4912 387 4958 Ibidaxnx,

76 4981 119 5021 1.

412 4002 827 4086 plenissimus
869 4004 991 4066 erit
1036 4022 1244 4068 sermo
1279 4024 1292 4067 ε
1328 4006 1407 4067 de
1449 4024 1578 4086 quo
1624 4005 1713 4067 ait
1755 4007 1917 4088 Apo-

410 4101 637 4176 stolus,
672 4100 857 4163 Panis
888 4120 1084 4184 quem
1126 4102 1463 4178 sumimuS,
1498 4121 1709 4166 nonne
1746 4122 1917 4187 comp

2021 3117 2098 3178 ad
2143 3134 2330 3179 omne
2378 3114 2616 3177 bonum
2665 3113 2817 3177 facit
2867 3116 3189 3179 idoneum.
3228 3118 3372 3180 ldeo
3421 3117 3519 3178 in-

2020 3222 2339 3277 cessanter
2399 3231 2578 3276 orare
2636 3213 2940 3276 debemus
3003 3215 3342 3277 Dominum
3400 3235 3517 3298 pro

2017 3310 2234 3392 gratiae
2273 3311 2686 3386 incremento,
2720 3312 2872 3392 quia
2901 3331 3030 3394 quo
3060 3313 3169 3374 illa
3207 3313 3408 3395 magis
3448 3313 3515 3376 in

2021 3416 2234 3471 mente
2284 3408 2640 3490 perficitur,
2683 3417 2856 3473 tanto
2903 3412 2981 3473 ad
3029 3429 3249 3474 omnes
3298 3430 3520 3494 opera-

2019 3509 2224 3571 tiones
2253 3508 2608 3571 meritorias
2649 3509 2974 3571 reddimur
3001 3509 3297 3573 fortiores
3326 3520 3517 3593 atque

2023 3606 2372 3688 proniores,
2417 3607 2503 3669 ita
2554 3615 2622 3668 ut
2667 3606 2946 3670 laborem
2986 3607 3092 3670 vix
3141 3608 3514 3670 sentiamus.

2101 3704 2368 3777 Quintus
2409 3705 2614 3787 panis,
2648 3697 2744 3768 est
2777 3706 3115 3787 promissio
3153 3706 3516 3770 futurorum

2021 3804 2358 3878 bonorum,
2410 3804 2521 3885 qui
2581 3803 2734 3866 facit
2781 3823 2894 3868 nos
2951 3805 3148 3885 agiles
3196 3812 3257 3867 et
3305 3807 3518 3869 animo

2024 3901 2449 3984 infatigabiles
2479 3903 2544 3964 in
2577 3903 2752 3966 cultu
2784 3903 3017 3976 divino,
3043 3905 3315 3967 scientes
3346 3907 3518 3986 quod

2023 4020 2148 4064 non
2200 4009 2349 4063 sunt
2396 4001 2723 4082 condignae
2781 4002 3105 4084 passiones
3154 4004 3231 4065 ad
3281 4022 3520 4066 merce·
3580 4023 3809 4074 nummu,

2022 4099 2167 4161 dem
2197 4099 2382 4162 nobis
2413 4101 2813 4181 promissam,
2849 4109 3151 4182 paratam,
3187 4121 3334 4166 mox
3365 4104 3520 4166 dan·
3550 4089 3614 4129 ¹⁸·

413 4199 766 4263 municatio
804 4200 1089 4282 corporis
1127 4200 1377 4264 Domini
1416 4204 1552 4264 est?
1584 4200 1764 4264 Hunc
1802 4201 1916 4264 ita-
1944 4203 1996 4268 D
2025 4198 2192 4259 dam.
2252 4196 2338 4259 De
2395 4198 2515 4262 hoc
2573 4217 2736 4281 pane
2793 4199 2947 4262 dicit
3003 4201 3518 4283 Archiapostolus

412 4316 543 4381 que
602 4317 855 4380 panem,
917 4299 1029 4380 qui
1088 4305 1183 4361 est
1240 4299 1541 4363 viaticum
1602 4309 1911 4378 nostrum,

415 4396 757 4460 Christiani
794 4403 970 4460 tanto
999 4397 1324 4460 ardentius
1354 4398 1643 4480 cupiunt,
1678 4406 1918 4480 quanto

416 4495 776 4558 devotiores
836 4514 911 4558 ac
972 4495 1317 4559 sanctiores
1378 4496 1777 4560 exstiterunt.
1840 4531 1917 4542 —

416 4594 669 4657 Tertius
712 4594 916 4676 panis,
959 4603 1055 4657 est
1098 4595 1316 4658 divina
1362 4594 1689 4677 Scriptura
1737 4614 1921 4659 cano-

418 4693 567 4756 nica
604 4692 941 4775 utriusque
979 4692 1385 4756 Testamenti.
1420 4695 1505 4756 De
1543 4713 1673 4775 quo
1713 4695 1777 4756 in
1812 4693 1921 4756 Ec-

416 4791 774 4854 clesiastico
803 4791 1066 4872 legitur:
1094 4792 1343 4855 Cibabit
1372 4792 1554 4854 illum
1583 4811 1747 4875 pane
1777 4793 1922 4855 vitae

416 4898 483 4953 et
538 4888 951 4970 intellectus3
1014 4898 1077 4952 et
1130 4891 1255 4954 alio
1313 4891 1471 4964 loco,
1534 4891 1919 4973 Sapientiam

416 4988 711 5054 omnium
753 4989 1163 5071 antiquorum
1212 4989 1506 5071 exquiret
1551 4989 1825 5070 sapienS,
1861 4997 1923 5051 et

419 5088 487 5149 in
528 5085 861 5168 Prophetis
902 5087 1169 5151 vacabit.
1204 5086 1317 5149 Hic
1361 5087 1544 5168 panis
1586 5088 1743 5150 adeo
1786 5088 1923 5149 dul-

418 5186 513 5248 cis
543 5193 663 5258 est,
700 5192 771 5246 ut
804 5184 1130 5247 hominem
1170 5185 1524 5248 studiosum
1566 5184 1754 5247 faciat
1792 5204 1924 5248 om-

419 5302 572 5348 nem
638 5282 1033 5364 corporalem
1095 5281 1314 5346 cibum
1379 5291 1573 5364 atque
1640 5283 1921 5345 carnales

2026 4297 2090 4358 in
2142 4315 2257 4358 sua
2305 4295 2616 4359 Canonica
2656 4316 2670 4360 :
2709 4297 3002 4360 videntes
3046 4297 3522 4378 lesum-exsul·
3563 4317 3812 4368 irenam,

2024 4393 2240 4456 tabitis
2298 4394 2515 4457 laetitia
2569 4395 2980 4458 inenarrabili
3029 4405 3093 4458 et
3138 4397 3516 4478 glorificata,
3548 4385 3588 4424 ⁹·

2029 4500 2419 4574 reportantes
2459 4493 2737 4556 fructum
2776 4494 2930 4556 fidei
2973 4503 3216 4570 vestrae,
3251 4496 3520 4558 salutem

2026 4593 2385 4654 animarum
2446 4599 2849 4669 vestrarum3
2900 4599 2964 4654 et
3020 4593 3158 4675 ipse
3215 4593 3518 4670 Salvator,

2029 4690 2387 4771 Fulgebunt
2430 4689 2584 4770 justi
2630 4690 2795 4752 sicut
2843 4691 2935 4754 sol
2981 4691 3045 4754 in
3089 4710 3283 4773 regno
3325 4693 3522 4756 Patris
3570 4713 3816 4768 Mamm,

2030 4807 2274 4852 eorum.
2323 4786 2590 4850 loannes
2630 4806 2888 4870 quoque
2926 4789 2992 4850 in
3045 4809 3158 4852 sua
3205 4790 3471 4872 epistola
3505 4809 3519 4854 ε
3553 4779 3621 4820 ⁴³·

2033 4887 2378 4966 carissimi,
2420 4905 2594 4949 nunc
2639 4886 2764 4949 filii
2813 4887 2920 4948 Dei
2969 4907 3214 4964 sumus,
3262 4896 3325 4951 et
3372 4909 3820 4961 non-immun,

2034 4988 2186 5049 dum
2225 4985 2525 5067 apparuit
2569 4985 2723 5066 quid
2775 4986 3054 5066 erimus3
3093 4987 3332 5050 scimus
3375 4988 3529 5070 quia
3555 4975 3597 5016 ²·

2031 5103 2233 5167 quum
2275 5084 2661 5166 apparuerit,
2694 5084 2934 5146 similes
2975 5085 3033 5146 ei
3077 5086 3340 5161 erimus,
3375 5087 3530 5169 quia

2033 5181 2392 5246 videbimus
2421 5200 2568 5244 eum
2599 5182 2786 5244 sicuti
2818 5191 2928 5245 est.
2943 5181 3338 5266 Quicumque
3365 5204 3530 5247 man-

2036 5283 2225 5345 ducat
2273 5282 2444 5345 hunc
2499 5301 2752 5365 panem,
2800 5283 3263 5349 considerando
3313 5284 3532 5348 futura
