4300 6259
621 1480 785 1524 Jooenn.
807 1493 850 1533 x,

584 1546 654 1587 ⁴0.

709 2162 734 2215 1

594 4340 780 4392 Lucan,
795 4343 861 4384 38.

622 4734 742 4779 laid.
769 4739 836 4781 37.

870 474 992 543 476

1607 493 1958 543 manuario
2001 494 2063 540 m
2105 494 2244 541 cAP.
2292 495 2357 541 xl
2403 494 2679 542 somme.
2724 515 2804 526 —
2846 496 2988 567 ᾼΒΤ.
3034 496 3227 544 XXVIII

1864 908 2517 996 ARTICULUS
2592 909 2971 996 XXVIII

951 1184 1328 1232 DECLARATto
1371 1184 1646 1231 CAPITULI
1687 1183 1973 1231 (muscum
2011 1183 2026 1228 :
2071 1184 2231 1229 ERAT
2270 1183 2475 1229 AUTEM
2516 1183 2749 1239 Qulmut
2794 1184 3108 1232 LANGUENS
3149 1185 3422 1233 LAzARth
3467 1190 3512 1234 A
3552 1186 3879 1232 mmmm.

1031 1465 1338 1529 ABlTUM
1380 1472 1475 1527 est
1525 1466 1589 1527 in
1633 1464 1768 1527 fine
1817 1464 2232 1547 praecedentis
2270 1482 2373 1526 ca·
2401 1461 2452 1523 A
2482 1464 2727 1546 nuique
2768 1484 2916 1527 cum
2954 1465 3306 1547 Augustino
3347 1475 3411 1529 et
3446 1466 3762 1548 Gregorio,
3794 1468 3965 1548 quod

1051 1566 1261 1648 pituli,
1315 1565 1487 1646 quod
1533 1564 1713 1627 Jesus
1773 1564 2142 1645 relinquens
2197 1561 2374 1625 Jeru-

879 1665 1075 1727 salem
1115 1673 1178 1727 et
1208 1665 1451 1727 Judaeos
1491 1663 1604 1745 qui
1645 1681 1791 1725 eum
1833 1662 2375 1745 comprehendere

879 1773 942 1826 et
980 1764 1260 1845 lapidare
1308 1762 1513 1826 moliti
1557 1770 1726 1836 sunt,
1760 1761 1920 1823 abiit
1954 1768 2127 1822 trans
2163 1760 2376 1823 Jorda-

881 1880 1049 1937 nem,
1085 1862 1150 1924 in
1190 1863 1400 1927 locum
1439 1879 1568 1943 quo
1605 1860 1946 1943 baptizavit
1995 1858 2368 1922 Praecursor.

879 1960 1216 2042 Quumque
1254 1960 1386 2023 illic
1424 1979 1568 2022 cum
1610 1960 1742 2021 suis
1784 1966 2068 2021 maneret
2095 1958 2376 2039 discipu-

880 2059 982 2127 lis,
1017 2059 1282 2141 contigit
1311 2058 1483 2140 quod
1523 2058 1590 2119 in
1630 2057 1823 2138 hujus
1855 2056 2120 2139 capituli
2162 2073 2377 2117 narra-

883 2167 987 2221 tur
1016 2158 1294 2222 exordio.
1321 2160 1485 2220 Erat
1513 2167 1730 2218 autem
1758 2159 2030 2235 quidam
2064 2158 2376 2233 lanquens

883 2258 1140 2321 nomine
1173 2261 1470 2319 Lazarus
1498 2255 1806 2319 oriundus
1837 2276 1878 2316 a
1897 2255 2246 2323 Bethania,
2268 2252 2379 2315 vil-

883 2358 944 2419 la
991 2357 1155 2420 inter
1205 2375 1397 2437 quam
1451 2362 1513 2416 et
1556 2354 1903 2416 Jerusalem
1955 2352 2202 2415 medius
2252 2352 2376 2413 fuit

881 2475 1064 2518 mons
1113 2453 1340 2517 Oliveti
1386 2471 1399 2515 :
1443 2452 1775 2527 oriundus,
1817 2451 2104 2533 inquam,
2145 2453 2227 2511 de
2273 2469 2376 2510 ca-

875 2555 1060 2613 stello
1099 2553 1332 2615 Μανίας
1377 2550 1756 2631 Magdalene‚
1789 2560 1848 2611 et
1885 2552 2167 2611 Marthae
2206 2568 2375 2609 soro-

2482 1563 2563 1625 sit
2610 1564 2829 1626 eadem
2867 1563 3075 1639 Maria,
3118 1573 3181 1627 et
3226 1566 3395 1647 quod
3434 1565 3534 1629 bis
3574 1566 3755 1628 unxit
3792 1565 3969 1628 Chri-

2482 1668 2651 1723 stum
2698 1670 3067 1743 unguento:
3111 1664 3304 1726 semel
3350 1665 3417 1727 in
3456 1664 3723 1738 Galilaia,
3758 1665 3855 1728 vel
3902 1664 3967 1726 in

2479 1760 2825 1823 Jerusalem
2882 1763 3236 1824 secundum
3293 1764 3623 1845 quosdam,
3683 1781 3761 1825 ex
3821 1782 3971 1825 con—
4239 1828 4240 1833 ,

2482 1859 2761 1935 tritione,
2798 1866 2865 1921 ut
2904 1860 3125 1922 recitat
3159 1860 3399 1941 Lucas3
3442 1870 3505 1923 et
3543 1860 3736 1924 semel
3769 1861 3833 1924 in
3864 1860 3971 1921 Be-
3998 1875 4205 1919 annuat.

2484 1956 2721 2032 thania,
2755 1976 2833 2020 ex
2872 1959 3225 2021 reverentia
3263 1968 3328 2021 et
3362 1960 3716 2035 devotione,
3749 1979 3971 2042 quem·
3996 1942 4205 2045 ffbmu.

2483 2056 2825 2119 admodum
2868 2059 3159 2138 sequenti
3206 2059 3447 2141 patebit
3486 2059 3786 2141 capitulo.
3994 2069 4031 2107 ²-

2581 2158 2908 2217 Miserunt
2962 2176 3110 2235 erqo
3163 2178 3406 2219 sorores
3458 2160 3599 2237 qius
3652 2161 3741 2219 ad
3796 2180 3967 2229 eum,
4094 2150 4122 2202 3

2482 2256 2762 2315 dicentes
2810 2274 2925 2337 per
2964 2256 3425 2319 internuntium
3462 2276 3479 2319 :
3511 2260 3811 2327 Domine,
3837 2276 3971 2317 ecce

2482 2373 2671 2431 quem
2718 2375 2899 2415 amas
2947 2356 3351 2434 infirmatur.
3415 2357 3740 2438 Tanquam
3800 2356 3970 2418 dice-

2486 2460 2625 2514 rent
2666 2470 2680 2515 ε
2723 2452 3045 2525 Quomodo
3084 2455 3320 2536 poteris
3358 2455 3673 2518 sustinere
3712 2461 3782 2515 ut
3818 2454 3972 2517 ami-

2484 2570 2595 2613 cus
2624 2559 2771 2613 tuus
2800 2557 2928 2613 tam
2960 2553 3360 2634 praedilectus
3390 2553 3664 2617 laboret?
3695 2553 3799 2617 vel
3824 2571 3975 2635 quo-

881 2653 976 2711 ris
1020 2652 1162 2729 ejus
1190 2672 1213 2711 .·
1243 2650 1398 2732 quia
1443 2650 1510 2712 in
1561 2649 1712 2712 villa
1762 2647 1871 2710 illa
1919 2646 2042 2709 fuit
2095 2654 2373 2710 castrum
2410 2652 2458 2715 B
2484 2650 2671 2713 modo
2701 2650 2937 2731 poteris
2977 2650 3241 2714 differre
3278 2651 3411 2715 sive
3450 2670 3679 2734 negare
3707 2652 3864 2735 quin
3894 2652 3973 2713 ad

881 2750 948 2811 in
999 2768 1128 2831 quo
1184 2748 1441 2811 feminae
1498 2747 1634 2810 istae
1689 2745 2183 2809 demorabantur
2229 2763 2373 2807 cum

883 2846 1076 2909 fratre
1115 2865 1252 2909 suo.
1287 2846 1561 2927 Eratque
1599 2862 1866 2927 magnus
1907 2844 2110 2907 honor
2136 2842 2374 2917 Lazari,

883 2945 1053 3026 quod
1110 2945 1335 3006 talium
1383 2963 1456 3006 ac
1513 2950 1829 3006 tantarum
1887 2941 2129 3004 exstitit
2183 2940 2379 3003 frater

883 3061 1196 3106 sororum.
1237 3041 1408 3106 Solet
1450 3049 1662 3104 autem
1703 3041 1967 3122 languor
2008 3040 2212 3122 accipi
2264 3056 2379 3121 pro

882 3141 1057 3223 gravi
1099 3140 1609 3222 invisceratoque
1649 3138 1870 3203 morbo
1905 3157 1918 3202 ε
1955 3156 2030 3201 ex
2061 3157 2192 3219 quo
2231 3136 2375 3200 elici

883 3248 1112 3324 potest,
1145 3241 1315 3322 quod
1366 3237 1707 3301 infirmitas
1744 3237 1958 3300 Lazari
2009 3236 2379 3299 naturaliter

887 3340 1259 3404 incurabilis
1297 3339 1442 3415 fuit,
1478 3340 2015 3421 quemadmodum
2049 3338 2138 3399 rei
2170 3336 2377 3399 exitus

886 3439 1364 3504 demonstravit.

967 3538 1202 3600 Deinde
1243 3537 1645 3618 Evangelista
1676 3534 2054 3598 determinat
2083 3552 2228 3616 quae
2257 3532 2381 3595 fuit

791 3657 800 3663 ·
889 3637 1008 3699 ista
1063 3636 1273 3699 Maria.
1327 3637 1548 3698 Maria
1602 3644 1818 3696 autem
1866 3644 2006 3695 erac
2064 3654 2208 3713 quae
2261 3653 2382 3693 un-

886 3738 991 3797 ccit
1029 3737 1384 3798 Dominum
1431 3734 1644 3795 Jesum
1689 3743 2037 3810 unquento,
2069 3732 2240 3815 quod
2283 3730 2381 3792 fu-

894 3934 1116 4008 rentia,
1160 3940 1220 3995 et
1263 3930 1592 4011 refrigerio
1642 3929 1870 3993 caloris
1910 3937 2101 4010 atque
2146 3929 2381 3992 laboris

892 4031 1118 4114 ipsiuS,
1163 4031 1274 4113 qui
1319 4038 1580 4113 propter
1621 4037 1898 4091 nostram
1947 4028 2216 4090 salutem
2256 4028 2382 4090 dis-

893 4130 1189 4193 currebat
1244 4148 1358 4211 per
1411 4129 1568 4202 loca,
1626 4128 2026 4210 proedicando
2083 4134 2147 4188 et
2202 4126 2382 4207 signa

889 4230 1151 4311 agendo,
1186 4229 1397 4291 hieme
1433 4246 1506 4289 ac
1544 4234 1786 4305 aestate3
1819 4236 1878 4287 et
1905 4228 2169 4286 eoetersit
2190 4229 2383 4303 pedes

889 4330 1030 4406 ejus
1075 4330 1337 4405 capillis
1382 4328 1540 4388 suis.
1597 4325 1749 4387 Nam
1812 4323 2089 4386 lacrimis
2147 4326 2384 4388 contri-

891 4426 1081 4489 tionis
1122 4425 1314 4507 pedes
1348 4424 1494 4485 Jesu
1537 4420 1784 4504 rigavit,
1819 4439 2055 4503 eosque
2094 4421 2383 4484 crinibus

891 4526 1024 4589 suis
1069 4523 1351 4587 siccavit.
1391 4523 1589 4600 Cujus
1623 4523 1836 4599 frater
1865 4524 2165 4581 Lazarus
2204 4522 2386 4598 infir-

893 4626 1213 4686 mabatur.
1267 4622 1362 4683 An
1422 4620 1539 4683 ista
1594 4619 1784 4682 Maria
1839 4619 1922 4681 sit
1975 4619 2085 4681 illa
2133 4621 2213 4682 de
2258 4638 2385 4701 qua

894 4724 1118 4787 scribit
1159 4722 1381 4795 LucaS‚
1428 4740 1572 4802 quae
1623 4720 1710 4781 ibi
1760 4719 2119 4801 appellatur
2167 4737 2388 4800 pecca-

891 4822 1039 4896 trix,
1093 4820 1404 4884 dissensio
1463 4826 1558 4880 est
1614 4818 1780 4881 inter
1836 4817 2115 4881 Sanctos.
2170 4818 2386 4882 Hiero-

891 4940 1120 5005 nymus
1149 4920 1321 4982 enim
1362 4926 1425 4980 et
1454 4918 1933 4999 chrysostomus
1963 4916 2186 4979 dicunt
2213 4919 2384 4999 quod

2484 2765 2634 2810 eum
2692 2750 3047 2811 curandum
3104 2750 3415 2813 accedas?
3460 2749 3596 2814 Non
3652 2749 3977 2833 explicant

2486 2846 2643 2928 quid
2684 2846 3009 2923 affectent,
3050 2849 3161 2911 sed
3205 2866 3282 2911 ex
3326 2848 3538 2911 verbis
3582 2848 3970 2932 praehabitiS‚

2486 2945 2697 3007 sciunt
2742 2944 2952 3008 Jesum
3012 2947 3411 3011 considerare
3456 2947 3614 3029 quid
3672 2948 3973 3031 cupiant3

2486 3050 2549 3106 et
2585 3044 2889 3126 quoniam
2930 3046 3008 3107 de
3048 3044 3191 3127 ejus
3240 3045 3667 3109 familiaritate
3706 3064 3782 3109 ac
3824 3045 3978 3110 ami-

2486 3142 2634 3205 citia
2691 3144 3181 3226 praesumebant,
3232 3145 3620 3208 arbitrantur
3676 3144 3978 3208 sufficere

2488 3249 2559 3303 ut
2605 3260 2861 3304 causam
2920 3241 3267 3305 insinuent.
3318 3242 3393 3306 Et
3436 3243 3583 3307 talis
3630 3244 3979 3307 insinuatio

2490 3340 2747 3422 ponitur
2777 3340 3022 3422 species
3059 3342 3382 3418 orationiS,
3416 3342 3583 3405 sicut
3610 3362 3813 3425 quum
3842 3342 3980 3405 Vir-

2486 3456 2566 3519 go
2596 3438 2931 3502 benedicta
2960 3440 3123 3502 dixit
3147 3442 3226 3503 ad
3257 3440 3487 3503 Filium
3516 3460 3727 3517 suum,
3745 3441 3976 3504 Vinum
4010 3453 4111 3499 ma
4130 3452 4203 3493 ιι

2490 3556 2615 3601 non
2670 3537 2926 3600 habent.
2976 3537 3103 3602 Nec
3152 3539 3365 3602 decuit
3410 3556 3514 3601 eas
3564 3540 3982 3621 personaliter

2491 3636 2582 3698 ire
2611 3636 2688 3699 ad
2714 3636 2927 3698 Jesum
2954 3656 2967 3699 ε
3000 3645 3131 3700 tum
3164 3638 3466 3719 quoniam
3496 3637 3751 3701 feminae
3780 3648 3979 3715 erant,

2488 3754 2647 3817 quas
2688 3754 2814 3799 non
2854 3736 3034 3797 decet
3072 3735 3447 3811 discurrere,
3482 3738 3826 3802 dummodo
3868 3758 3983 3820 per

787 3848 859 3927 3¹¹,
889 3835 983 3896 dit
1013 3852 1204 3916 super
1243 3840 1434 3915 caput
1471 3840 1533 3895 et
1573 3832 1764 3914 pedes
1805 3831 2029 3913 ipsiuS,
2065 3849 2181 3913 pro
2213 3848 2383 3893 reve·
2417 3829 2460 3894 C
2490 3834 2646 3897 alios
2694 3841 2931 3915 queant
2978 3854 3091 3896 sua
3148 3835 3397 3916 negotia
3452 3835 3793 3917 expedire3
3848 3844 3980 3899 tum

2490 3932 2790 4014 quoniam
2849 3931 3045 3995 frater
3101 3931 3439 4013 languidus
3498 3934 3824 4015 indigebat
3877 3955 3983 3998 ea-

2494 4051 2632 4095 rum
2668 4030 3118 4107 consolatione,
3151 4031 3459 4114 obsequio
3485 4040 3679 4114 atque
3710 4052 3986 4116 praesen-

2493 4131 2602 4204 tia,
2642 4148 2759 4192 nec
2808 4130 2965 4211 ipsae
3011 4129 3287 4193 libenter
3327 4130 3736 4193 recessissent
3776 4151 3815 4193 a
3858 4133 3985 4195 fra-

2498 4236 2592 4291 tre
2642 4236 2767 4290 tam
2828 4228 3178 4302 carissimo,
3231 4228 3343 4310 qui
3392 4228 3517 4291 fuit
3562 4236 3861 4292 strenuus
3910 4250 3985 4293 ac

2496 4326 2731 4389 nobilis
2772 4326 2979 4400 mileS,
3026 4326 3204 4389 dives
3248 4334 3311 4388 et
3351 4326 3582 4408 justus,
3632 4346 3705 4391 ac
3748 4328 3978 4392 Christi

2495 4424 2873 4506 discipulus,
2909 4442 2983 4486 eo
3029 4426 3219 4488 modo
3265 4443 3394 4506 quo
3440 4424 3668 4507 Ioseph
3718 4426 3799 4489 ab
3848 4428 3986 4490 Ari·
4042 4444 4210 4489 mam,

2498 4524 2745 4586 mathca
2802 4532 2864 4585 et
2909 4522 3311 4586 Nicodemus.
3362 4522 3496 4587 Non
3528 4525 3777 4587 -dicunt
3835 4546 3981 4589 cum
4010 4511 4123 4553 ‘⁸⁴²'

2496 4622 2735 4702 regulo,
2778 4620 3061 4696 Domine,
3106 4622 3415 4684 descende
3462 4630 3805 4704 antequam
3852 4638 4209 4689 mo-nid.1v.⁴³.

2496 4720 2715 4795 riatur,
2759 4721 3086 4782 credentes
3136 4721 3306 4801 quod
3354 4720 3581 4783 absens
3627 4730 3840 4804 posset
3878 4744 3989 4786 cu-

2498 4838 2685 4901 rare3
2748 4837 2865 4882 nec
2920 4838 3067 4881 cum
3126 4819 3517 4896 centurione,
3570 4820 3855 4897 Domine,
3906 4844 3987 4886 ne
4014 4844 4209 4893 ,umam

2497 4919 2715 4993 intreS,
2750 4918 2859 4980 sed
2899 4925 3143 4980 tantum
3184 4918 3286 4981 dic
3326 4918 3541 4982 verbo.
3576 4918 3694 4982 Sed
3726 4924 3985 4986 modum
4012 4916 4034 4955 ⁸

891 5039 1056 5100 non;
1091 5017 1482 5098 Augustinus
1514 5034 1664 5079 vero
1702 5022 1764 5077 et
1790 5013 2126 5096 Gregorius
2165 5015 2387 5078 dicunt
2417 5014 2467 5076 D
2494 5017 2913 5080 subveniendi
2948 5015 3194 5080 Christo
3226 5018 3651 5093 committunt,
3684 5027 3989 5103 tanquam

892 5119 1062 5201 quod
1106 5118 1256 5180 imo.
1290 5115 1410 5178 Sed
1451 5116 1528 5177 de
1567 5115 1686 5177 hoc
1725 5122 1977 5191 transeo
2008 5133 2201 5189 nunc,
2234 5115 2388 5197 quia

703 5248 732 5276 a
807 5268 817 5278 .
893 5234 1086 5299 super
1113 5215 1495 5288 Matthaeum,
1530 5213 1809 5295 capitulo
1840 5213 2142 5276 vicesimo
2184 5220 2383 5289 sexte,

892 5315 1146 5396 longam
1185 5312 1681 5395 disputationem
1723 5312 1946 5374 induxi
1992 5312 2069 5374 de
2114 5312 2256 5387 hoc,
2298 5319 2390 5374 te-

2498 5116 2999 5198 sapientiori.1ta
3028 5121 3091 5177 et
3120 5134 3235 5179 nos
3266 5116 3474 5179 facere
3504 5136 3617 5199 par
3646 5126 3761 5194 est,
3786 5139 3987 5202 quum

2495 5234 2533 5278 a
2578 5214 3016 5297 superioribus
3064 5213 3310 5295 aliquid
3358 5215 3776 5296 postulamuS,
3822 5220 3994 5283 vide-

2500 5313 2668 5388 licet,
2706 5318 2775 5375 ut
2804 5314 3063 5377 modum
3104 5313 3482 5376 exaudiendi
3522 5316 3993 5383 committamus
