4300 6259
832 479 954 548 348
1648 501 1997 550 manna-rm
2038 499 2104 547 m
2144 501 2284 549 cn.
2329 501 2392 547 iv
2430 501 2707 548 somnis.
2755 521 2835 533 -—
2875 503 3018 551 aar.
3061 503 3127 550 ιι

832 693 1062 756 aquam
1113 675 1503 756 intelligatur
1544 673 1817 757 Spiritus
1861 673 2148 749 Sanctus,
2185 692 2332 736 con-
2360 673 2407 734 A
2439 681 2713 757 quenter
2758 673 2824 738 in
2874 674 3218 758 Scripturis
3269 676 3526 759 ponitur
3559 677 3762 740 altum
3813 697 3926 761 pro

553 793 805 842 loannsn.
836 781 958 837 stat
994 793 1071 837 ex
1110 794 1185 839 eo
1225 775 1389 838 sicut
1420 774 1691 836 habetur
1720 773 1888 836 infra
1921 792 1935 836 t
1969 772 2085 846 Qui
2128 773 2331 836 credit
2441 773 2758 856 profundo
2808 792 2822 836 :
2877 781 2948 836 ut
2994 773 3258 856 Sapiens
3306 773 3414 850 ait,
3455 775 3549 838 Ab
3592 776 3926 841 altitudine
3973 798 4220 853 sama.

541 859 611 924 3⁸·
836 875 902 937 in
935 893 1057 948 me,
1089 874 1364 937 flumina
1392 877 1469 937 de
1499 882 1720 938 ventre
1750 873 1889 954 ejus
1920 873 2121 934 fluent
2148 891 2329 954 aquae
2439 873 2792 936 inferorum
2823 873 3043 936 eduxit
3083 892 3224 954 eos;
3266 881 3330 936 et
3367 875 3432 937 in
3463 873 3922 952 EcclesiasticO,

566 989 686 1034 ma.
713 993 781 1034 39.
837 974 1018 1038 vivae.
1071 974 1245 1046 Quod
1304 972 1703 1054 Evangelista
1760 989 2085 1054 exponens
2137 990 2152 1034 :
2203 971 2330 1034 Hoc
2439 971 2524 1034 De
2565 971 2901 1034 altitudine
2948 973 3187 1035 ventris
3237 972 3424 1035 inferi
3474 973 3757 1037 liberasti
3795 993 3921 1038 me.
3957 996 4222 1043 exeam,

832 1072 1103 1153 (inquit)
1129 1071 1379 1135 dicebat
1419 1073 1495 1134 de
1526 1071 1765 1154 Spiritu
1806 1089 2001 1152 quem
2043 1077 2332 1153 acceptu·
2453 1074 2629 1133 Unde
2657 1090 2802 1148 erqo
2832 1073 3018 1132 habes
3047 1092 3286 1152 aquam
3305 1075 3753 1154 vivam,quam
3787 1093 3929 1156 pos-
3955 1064 4000 1104 ⁷·

835 1170 887 1233 ri
932 1179 1111 1233 erant
1153 1172 1479 1234 credentes
1526 1171 1590 1232 in
1638 1189 1806 1232 eum.
2439 1171 2526 1233 sis
2560 1171 2717 1233 mihi
2751 1178 3070 1253 praestare,
3105 1172 3158 1234 si
3200 1172 3628 1254 postularem?
3675 1173 3751 1236 Et
3787 1192 3932 1256 pro-

566 1679 709 1724 Hebr.

544 1745 595 1785 29

543 1774 652 1850 Late.
662 1808 806 1858 xn,49.

597 2183 768 2227 Ezech.

544 2259 687 2298 xxxvi,
705 2249 773 2289 25.

580 2677 662 2720 Pe.
682 2691 710 2728 ι,
762 2708 774 2719 .

914 1271 1154 1332 Dicitur
1185 1271 1398 1351 itaque
1428 1268 1701 1351 Spiritus
1741 1266 2005 1331 Sanctus
2046 1286 2159 1330 seu
2200 1285 2331 1348 gra-

836 1368 921 1430 tia
960 1368 1121 1450 ejuS,
1156 1387 1341 1450 aqua,
1376 1376 1438 1430 et
1484 1386 1649 1449 aqua
1698 1368 1863 1441 viva,
1905 1368 1982 1429 ad
2032 1366 2332 1428 similitu-

836 1468 1050 1529 dinem
1099 1486 1281 1548 aquae
1324 1467 1666 1529 materialis
1726 1485 1737 1528 :
1792 1466 2330 1548 quemadmodum

836 1565 1028 1626 etiam
1079 1564 1312 1627 dicitur
1360 1565 1546 1645 ignis,
1578 1564 1759 1645 juxta
1802 1564 1958 1626 illud
1989 1563 2274 1645 Apostoli
2311 1581 2325 1624 ε

730 1693 801 1730 κη,
840 1664 1004 1726 Deus
1037 1671 1251 1727 noster
1292 1663 1455 1745 ignis
1496 1681 1876 1726 consumens
1906 1671 2022 1724 est.
2058 1661 2133 1724 Et
2175 1661 2328 1724 alibi

840 1763 995 1826 dicit
1023 1762 1306 1826 Salvator
1340 1781 1354 1825 :
1388 1763 1601 1844 Ignem
1642 1761 1787 1825 veni
1829 1762 2080 1824 mittere
2112 1762 2177 1824 in
2211 1768 2332 1824 ter-

2439 1269 2546 1332 bat
2575 1271 2747 1351 quod
2791 1289 2916 1333 non
2963 1271 3187 1352 possit,
3219 1271 3372 1352 quia
3418 1272 3616 1335 alium
3664 1280 3927 1354 puteum

2441 1369 2540 1431 vel
2571 1367 2810 1432 fontem
2843 1388 2969 1432 non
3002 1370 3352 1452 possideret
3380 1371 3708 1435 meliorem
3740 1378 3932 1453 puteo

2417 1467 2581 1531 ·isto.
2616 1467 2789 1541 Quod
2839 1467 3065 1549 probat
3111 1487 3226 1551 per
3274 1469 3415 1544 hoc,
3449 1471 3618 1551 quod
3667 1488 3790 1533 non
3835 1479 3934 1533 est

2441 1566 2642 1647 maJ'or
2670 1566 3026 1647 patriarcha
3051 1566 3248 1630 Jacob.
3267 1570 3610 1648 Numquid
3631 1579 3700 1630 tu
3721 1570 3932 1646 major
4075 1575 4142 1629 ¹2

2439 1686 2502 1726 es
2541 1675 2732 1742 patre
2782 1677 2995 1726 nostro
3038 1668 3271 1727 Jacob?
3307 1665 3702 1748 Reputabant
3757 1667 3932 1728 enim

2439 1763 2635 1826 Judaei
2695 1772 2756 1825 et
2813 1762 3208 1839 Samaritani,
3259 1764 3597 1842 Abraham,
3647 1765 3816 1828 Isaac
3869 1773 3936 1827 et

838 1880 995 1922 ram.
1028 1859 1238 1923 Primo
1270 1861 1503 1923 dicitur
1539 1879 1723 1942 aqua,
1758 1860 2060 1941 quoniam
2106 1868 2333 1942 purgat
2367 1861 2414 1922 B
2439 1861 2627 1924 Jaco’b
2659 1862 2839 1924 valde
2884 1863 3238 1944 praecipuos
3268 1862 3601 1925 exstitisse.
3635 1861 3811 1926 Unde
3839 1863 3938 1924 in-

837 1979 874 2021 a
892 1959 1167 2024 maculis
1196 1959 1298 2022 cul
1307 1978 1422 2042 pae,
1440 1969 1501 2022 et
1530 1959 1791 2020 mundat
1819 1967 2010 2040 atque
2038 1958 2335 2022 ornificat

840 2059 1140 2120 animam.
1177 2058 1262 2119 De
1298 2076 1425 2139 qua
1461 2077 1627 2139 aqua
1667 2057 1871 2139 accipi
1918 2064 2124 2139 potest
2173 2057 2334 2119 illud

838 2157 1183 2220 Ezechielis
1237 2177 1251 2220 ε
1307 2157 1650 2220 Effundam
1697 2176 1891 2240 super
1944 2177 2053 2222 vos
2100 2176 2332 2239 aquam

839 2258 1166 2332 mundam,
1198 2265 1260 2319 et
1290 2257 1759 2319 mundabimini
1789 2256 1868 2319 ab
1900 2256 2199 2320 omnibus
2239 2257 2335 2317 in-

836 2355 1267 2437 quinamentis
1312 2355 1559 2418 vestriS.
1600 2354 1910 2428 Secundo,
1953 2355 2106 2436 quia
2155 2353 2336 2416 refri-

837 2463 1015 2534 gerat
1050 2454 1132 2516 ab
1161 2462 1317 2517 aestu
1353 2454 1753 2534 tentationis3
1788 2453 1993 2528 tertio,
2028 2453 2181 2534 quia
2228 2471 2333 2515 ex-

841 2553 1107 2635 stinguit
1172 2554 1383 2634 ignem
1450 2552 1736 2615 libidinis
1777 2571 1793 2633 ;
1863 2559 2111 2634 quarto,
2182 2552 2337 2634 quia

838 2652 1137 2715 fecundat
1166 2653 1547 2728 animam,ut
1576 2652 1657 2714 sit
1688 2651 1862 2714 velut
1884 2650 2129 2732 lignum
2162 2652 2334 2732 quod

842 2751 1196 2834 plantatum
1248 2759 1343 2812 est
1400 2768 1583 2812 secus
1641 2751 1946 2812 decursus
1995 2769 2330 2830 aquarum.

841 2848 1127 2930 Denique
1175 2867 1341 2930 aqua
1388 2849 1534 2912 viva
1582 2856 1862 2922 vocatur,
1896 2866 2040 2929 quae
2087 2847 2236 2909 fluit
2275 2855 2338 2910 et

842 2949 1125 3022 scaturit,
1159 2954 1351 3029 atque
1391 2948 1710 3029 principio
1750 2965 1879 3009 suae
1918 2946 2335 3010 emanationis

2442 1959 2539 2022 fra
2577 1960 2796 2023 dicunt
2841 1960 3036 2024 Judaei
3090 1962 3168 2023 ad
3207 1961 3523 2024 Christum
3561 1979 3575 2023 ε
3607 1961 3935 2043 Numquid
3977 1978 4221 2022 som-nm...

2445 2066 2510 2120 tu
2563 2059 2765 2140 maior
2812 2077 2878 2120 es
2929 2066 3106 2140 patre
3147 2066 3362 2122 nostro
3403 2058 3754 2122 Abraham?
3807 2063 3938 2128 Qui
3963 2045 4038 2086 ⁵³·

2441 2160 2640 2229 dedit,
2664 2158 2730 2220 id
2759 2165 2875 2232 est,
2892 2157 3133 2220 fossum
3167 2158 3643 2239 reliquitmobis
3662 2168 3936 2236 puteum

2443 2259 2662 2318 istum.
2719 2255 2806 2318 Ex
2853 2276 2981 2339 quo
3031 2265 3222 2340 patet,
3274 2260 3444 2340 quod
3495 2258 3636 2322 fons
3677 2259 3759 2321 de
3803 2277 3938 2339 quo

2441 2355 2566 2418 fuit
2589 2355 2718 2436 jam
2753 2373 2982 2431 sermo,
3016 2364 3246 2438 puteus
3276 2364 3430 2420 erat.
3463 2359 3549 2419 E't
3577 2355 3710 2434 ipse
3745 2355 3938 2420 Jacob
4021 2381 4133 2411 ms·
4151 2371 4190 2408 ⁶-

2441 2475 2524 2514 eoe
2553 2475 2622 2515 eo
2653 2457 2837 2525 bibit,
2866 2465 2926 2516 et
2953 2457 3088 2532 filii
3113 2456 3278 2532 ejus,
3308 2465 3368 2516 et
3389 2475 3619 2533 pecora
3646 2456 3808 2534 ejus,

2523 2555 2878 2630 Respondit
2905 2555 3110 2621 Jesus,
3131 2564 3194 2614 et
3219 2556 3396 2615 dimit
3423 2556 3484 2614 ei
3512 2575 3535 2614 .·
3566 2557 3788 2618 Omnis
3817 2554 3942 2634 qui
4077 2557 4142 2613 13

2444 2654 2602 2713 bibit
2629 2673 2710 2712 em
2739 2673 2913 2732 aqua
2944 2655 3091 2723 hac,
3121 2661 3184 2715 et
3215 2653 3434 2728 simili,
3468 2655 3642 2714 sitiet
3671 2655 3940 2722 iterum,

2443 2751 2496 2813 si
2543 2751 2653 2814 diu
2696 2750 2945 2824 vixerit,
2982 2757 3044 2812 et
3084 2752 3160 2814 ad
3205 2759 3459 2833 tempus
3505 2758 3872 2833 competens
3901 2769 3946 2812 a

2446 2858 2598 2932 potu
2631 2849 2992 2913 cessaverit.
3031 2851 3160 2918 Qui
3186 2859 3398 2911 autem
3432 2852 3686 2921 biberit,
3716 2851 3778 2912 id
3817 2857 3942 2924 est,

2445 2949 2864 3031 spiritualiter
2902 2947 3268 3029 sumpserit,
3303 2955 3367 3010 et
3403 2955 3616 3010 mente
3651 2956 3950 3030 gustave-

842 3047 1251 3110 continuatur
1309 3063 1323 3109 t
1386 3046 1479 3108 sic
1534 3046 1735 3127 gratia
1793 3044 2067 3127 Spiritus
2122 3044 2335 3107 Sancti
2373 3040 2416 3105 C
2447 3048 2550 3122 rit,
2601 3069 2684 3107 ew
2739 3068 2912 3126 aqua
2969 3067 3166 3126 quam
3225 3066 3337 3125 eqo
3385 3049 3546 3108 dabo
3589 3048 3674 3116 ei,
3726 3047 3792 3109 id
3847 3057 3952 3111 est

841 3145 1023 3226 agilis
1064 3151 1180 3218 est,
1214 3152 1276 3206 ct
1316 3144 1475 3207 fonti
1518 3163 1646 3208 suae
1689 3144 2133 3224 emanationiS,
2163 3143 2338 3208 vide-

843 3245 993 3306 licet
1039 3243 1301 3326 Spiritui
1344 3243 1591 3318 Sancto,
1626 3262 1878 3325 semper
1926 3243 2336 3324 conjungitur

846 3351 1149 3425 tanquam
1199 3342 1375 3406 rivus
1420 3362 1493 3405 ac
1533 3343 1746 3404 radius
1790 3343 1951 3424 ejus.

924 3441 1207 3503 Dedisset
1237 3441 1451 3522 itaque
1481 3440 1597 3502 tibi
1638 3459 1866 3522 aquam
1900 3441 2108 3503 vivam
2150 3440 2338 3523 spiri-

842 3538 1098 3602 tualiter
1128 3538 1584 3602 vivificantem.
1618 3537 1834 3600 Omnis
1865 3537 2037 3600 enim
2076 3538 2188 3619 qui
2230 3557 2338 3619 pe-

844 3639 939 3712 tit,
992 3637 1244 3719 accipit.
1287 3636 1373 3700 De
1412 3637 1518 3698 tali
1570 3655 1735 3718 aqua
1784 3636 1848 3698 in
1898 3635 2336 3699 Ecclesiastico

841 3736 1073 3818 legitur
1108 3755 1121 3799 :
1155 3736 1334 3818 Aqua
1382 3736 1708 3818 sapientiae
1752 3734 2043 3797 salutaris
2095 3735 2339 3817 potabit

630 3870 726 3910 ...η
777 3887 789 3901 .
844 3836 1051 3897 illum.
1104 3835 1179 3897 Et
1222 3836 1287 3897 in
1338 3835 1497 3897 Isaia
1542 3835 1852 3917 scriptum
1908 3842 2001 3896 est
2044 3852 2057 3896 :
2104 3833 2334 3896 Omnes

844 3934 1152 4008 sitienteS,
1198 3934 1411 3996 venite
1458 3934 1535 3995 ad
1584 3952 1803 4014 aquas.
1844 3933 1912 3995 ln
1957 3932 2335 4015 Apocalypsi

2444 3147 2708 3228 gratiam
2741 3145 3016 3228 Spiritus
3038 3143 3272 3218 Sancti,
3293 3165 3422 3206 non
3449 3146 3626 3229 sitiet
3655 3148 3728 3206 in
3765 3156 3952 3208 oeter-

2445 3266 2629 3306 num.
2679 3243 2806 3306 Hoc
2850 3242 3193 3324 dupliciter
3236 3242 3502 3324 intelligi
3552 3250 3779 3325 potest.
3813 3243 3953 3307 Pri-

2445 3362 2551 3406 mo
2597 3343 2690 3404 sic
2741 3360 2755 3404 ε
2799 3341 2934 3426 Non
2983 3341 3156 3404 sitiet
3201 3341 3267 3403 in
3319 3349 3624 3404 aeternum
3661 3341 3774 3404 :id
3821 3349 3944 3418 est,

2447 3442 2596 3504 licet
2641 3442 2719 3503 ad
2776 3446 3028 3521 tempus
3077 3439 3248 3501 sitim
3311 3438 3702 3521 spiritualem
3755 3440 3951 3502 susti-

2449 3547 2612 3615 neat,
2647 3538 3025 3621 suspirando
3054 3538 3130 3600 ad
3171 3537 3460 3620 patriam,
3495 3537 3946 3620 cupiendoque

2444 3639 2708 3720 gratiam
2756 3635 3199 3720 perfectiorem
3243 3643 3436 3718 atquc
3475 3636 3742 3699 aliorum
3773 3637 3945 3699 salu-

2447 3748 2614 3817 tem3
2663 3755 2790 3800 non
2847 3744 3058 3797 tamen
3117 3753 3372 3816 semper
3429 3734 3519 3797 sic
3571 3734 3764 3810 sitiet,
3825 3737 3939 3798 sed

2446 3837 2660 3901 veniet
2688 3835 2843 3898 hora
2871 3833 2936 3896 in
2982 3853 3109 3916 qua
3148 3832 3501 3915 replebitur
3547 3832 3730 3896 bonis
3771 3834 3943 3896 desi-
3995 3854 4210 3902 Pae-15.

2446 3935 2694 3999 derium
2726 3933 2889 4014 ejus,
2925 3933 3078 4014 quia
3107 3932 3173 3994 in
3206 3931 3309 3994 die
3346 3931 3572 4014 judicii
3618 3931 3684 3992 in
3723 3931 3942 3994 anima

563 4054 767 4110 Apama
844 4031 1273 4116 quoque:Qui
1306 4033 1437 4094 sitit
1470 4032 1778 4106 veniat,et
1806 4031 2077 4113 accipiat
2103 4050 2335 4113 aquam
2445 4040 2508 4096 et
2551 4049 2813 4115 corpore
2853 4030 3342 4112 glorificabitur,
3377 4037 3441 4092 et
3478 4037 3630 4092 tunc
3670 4048 3794 4093 non
3829 4032 3942 4092 de-

552 4120 617 4161 ¹⁷·
845 4132 991 4196 vitae
1030 4131 1245 4212 gratis.
2445 4132 2566 4194 erit
2593 4132 2765 4212 quod
2807 4129 3066 4192 affectet
3105 4129 3226 4192 hoc
3269 4130 3479 4203 modo,
3515 4136 3586 4189 ut
3623 4129 3938 4211 scriptum

642 4234 704 4290 11
925 4230 1101 4290 Dicit
1140 4231 1203 4288 ei
1242 4225 1503 4300 mulier,
1535 4246 1681 4309 quae
1728 4226 1920 4290 verba
1958 4227 2188 4290 Christi
2240 4227 2338 4289 in-
2369 4232 2418 4294 D
2444 4238 2540 4291 est
2577 4229 2641 4291 in
2673 4228 2957 4291 Matthaeo
2991 4246 3004 4290 :
3038 4227 3207 4290 Beati
3256 4227 3368 4308 qui
3420 4227 3702 4289 esuriunt
3747 4233 3810 4288 et
3856 4226 3943 4288 si-
3971 4245 4220 4294 nattam.

846 4327 1089 4390 tellexit
1118 4327 1197 4389 de
1236 4345 1400 4407 aqua
1443 4325 1753 4387 materiali
1788 4344 1801 4386 :
1837 4327 2129 4386 Domine.
2167 4326 2337 4388 Vidit
2449 4328 2615 4391 tiunt
2650 4327 2986 4409 justitiam,
3037 4325 3341 4408 quoniam
3393 4325 3515 4408 ipsi
3563 4325 3944 4388 saturabun-

840 4425 1017 4500 ‚enim
1050 4425 1114 4487 in
1148 4425 1331 4488 vultu
1360 4432 1423 4486 et
1452 4423 1672 4486 habitu
1704 4423 2140 4505 Christi,quod
2173 4431 2337 4485 esset
2445 4433 2570 4488 tur.
2604 4425 2902 4499 Quando?
2940 4423 3102 4486 Audi
3154 4423 3546 4504 Psalmistam
3581 4441 3595 4485 ε
3627 4421 3936 4499 Satiabor,
3973 4445 4216 4492 pamas.

845 4523 1029 4585 valde
1058 4523 1415 4585 veneranda
1446 4540 1735 4603 persona,
1770 4521 1944 4584 omni
1976 4521 2338 4582 maturitate
2445 4525 2768 4606 ait,quum
2801 4522 3168 4605 apparuerit
3197 4522 3399 4602 gloria
3426 4521 3942 4586 tua—Secundo

843 4629 907 4684 et
948 4621 1259 4704 probitate
1290 4640 1539 4684 morum
1572 4620 1932 4701 refulgens:
1966 4620 2106 4683 ideo
2137 4621 2341 4684 nomi·
2448 4623 2540 4686 sic
2574 4641 2589 4686 :
2621 4622 2756 4686 Non
2795 4622 2969 4684 sitiet
3013 4621 3077 4683 in
3109 4629 3439 4696 aeternum,
3473 4621 3594 4684 hoc
3629 4627 3744 4695 est,
3779 4639 3944 4682 nun-

844 4728 951 4783 nat
995 4738 1143 4782 eum
1177 4720 1534 4783 Dominum.
1568 4719 1860 4783 Nondum
1904 4727 2115 4782 tamen
2157 4726 2341 4802 puta-
2448 4740 2641 4805 quam
2672 4720 2843 4783 sitiet
2872 4721 3230 4802 appetendo
3263 4737 3395 4781 rem
3429 4718 3690 4782 omnino
3717 4718 3944 4781 absen-

845 4820 937 4882 vit
993 4837 1138 4881 eum
1197 4836 1335 4880 esse
1394 4818 1789 4901 prophetam,
1845 4817 1943 4881 vel
1993 4817 2336 4894 Christum,
2447 4827 2576 4882 tem
2609 4835 3011 4900 nequaquam
3043 4815 3358 4899 adeptam.
3393 4815 3592 4878 Habet
3617 4815 3789 4879 enim
3823 4817 3946 4880 vir-

844 4925 955 4980 aut
983 4918 1203 4980 Deum.
1230 4919 1452 4998 Neque
1480 4920 1553 4978 in
1585 4938 1708 4997 quo
1740 4919 2013 4977 haurias
2042 4919 2250 4989 habes,
2277 4917 2338 4980 id
2450 4916 2706 4980 tualiter
2762 4933 2953 4980 omne
3008 4915 3274 4990 bonum,
3327 4915 3630 4997 quoniam
3677 4915 3942 4995 gratiam

844 5025 961 5090 est,
1023 5016 1517 5078 instrumentum
1566 5015 1901 5077 hauriendi
1963 5033 2088 5078 non
2146 5015 2341 5078 habes
2451 5016 2766 5091 habendo,
2819 5014 3011 5077 habet
3059 5014 3258 5076 Deum
3303 5014 3521 5095 gratiae
3567 5013 3832 5089 fontem,
3887 5023 3953 5076 et

846 5124 917 5178 ut
946 5133 1083 5196 eg0,
1116 5124 1177 5176 ec
1201 5125 1434 5194 puteus
1472 5119 1647 5175 altus
1686 5123 1797 5188 est,
1834 5114 1897 5176 id
1944 5120 2041 5176 est
2081 5113 2346 5195 profun-
2450 5114 2820 5177 felicitatem
2869 5121 3164 5176 aeternam
3206 5131 3323 5195 per
3368 5112 3838 5175 inchoationem
3887 5120 3950 5174 et

848 5217 966 5277 dus
1020 5233 1033 5276 :
1092 5221 1351 5297 propter
1397 5214 1568 5295 quod
1617 5232 1779 5295 opus
1826 5219 1923 5274 est
1969 5213 2340 5288 hauritorio,
2454 5212 2910 5277 continentiam
2968 5211 3328 5275 virtualem.
3390 5209 3542 5272 Nam
3599 5210 3801 5291 gratia
3855 5218 3951 5273 est

849 5312 1002 5395 quia
1040 5331 1186 5376 cum
1236 5330 1429 5374 manu
1481 5311 1707 5393 nequit
1747 5330 1913 5393 aqua
1959 5312 2167 5374 educi.
2203 5311 2346 5374 Fre·
2456 5311 2774 5376 inchoatio
2829 5310 3067 5391 gloriae,
3129 5317 3193 5372 et
3257 5308 3614 5373 virtualiter
3669 5307 3953 5373 continet
