4300 6259
570 998 679 1042 Gen.
694 1011 747 1040 xx

544 1063 590 1102 2¹
615 1063 659 1102 et
682 1071 774 1114 aeq.

542 1298 661 1344 lbid.
674 1313 729 1350 iv,
741 1301 809 1342 23.

830 497 909 561 72

1612 515 1957 562 ENAnnArlo
2001 515 2066 561 m
2106 515 2246 561 CAP-
2291 516 2378 561 111
2421 515 2608 562 LUGAE.
2654 535 2735 546 --
2776 517 2919 563 AM.
2964 517 3156 563 xxxiv

833 687 1204 768 ignorantia,
1249 696 1466 770 utpote
1513 688 1661 750 facti
1707 695 1770 750 et
1804 687 1990 767 juris.
2030 687 2328 768 Ignoran-
2359 688 2404 747 A
2440 687 2532 749 sic
2579 689 2721 750 data
2769 695 2918 750 sunt
2965 689 3170 764 nobiS,
3215 696 3286 751 ut
3321 696 3531 751 tamen
3577 708 3702 751 non
3745 688 3933 750 liceat

832 786 920 848 tia
957 786 1106 848 facti
1146 794 1241 848 est
1279 786 1519 868 duplex
1552 806 1565 848 :
1600 787 1753 868 quia
1792 786 2112 848 interdum
2153 786 2333 849 adhi-

834 884 1021 946 betur
1050 886 1261 948 debita
1295 886 1623 966 diligentia
1655 905 1668 948 :
1704 892 1765 946 et
1795 893 1947 947 tunc
1978 885 2332 965 ignorantia

750 1010 805 1048 nx,
832 991 1093 1045 excusat
1135 1003 1171 1045 a
1215 991 1363 1058 toto,
1398 991 1469 1044 ut
1512 989 1683 1065 patet
1727 984 1805 1044 de
1854 982 2198 1045 concubitu
2237 982 2334 1044 Ja-

836 1081 954 1145 cob
995 1101 1139 1144 cum
1180 1081 1309 1143 Lia.
1343 1083 1663 1144 Interdum
1706 1100 1833 1144 non
1862 1081 2202 1143 adhibetur
2240 1081 2335 1142 di-

838 1179 1098 1260 ligentia
1146 1179 1357 1242 debita
1398 1199 1411 1242 :
1456 1187 1516 1240 et
1564 1187 1717 1240 tunc
1758 1187 2018 1241 excusat
2057 1199 2094 1241 a
2138 1187 2330 1252 tant0,

839 1298 965 1342 non
1024 1299 1063 1342 a
1120 1286 1268 1352 toto,
1323 1286 1392 1339 ut
1451 1286 1623 1360 patet
1680 1277 1743 1338 in
1804 1277 2149 1340 homicidio
2207 1295 2336 1358 quo

836 1377 1109 1439 Lamech
1150 1377 1383 1440 occidit
1426 1376 1600 1456 Cain,
1644 1384 1872 1458 putans
1920 1377 2092 1457 quod
2133 1375 2338 1437 bestia

836 1483 1023 1537 esset.
1075 1476 1264 1539 Porro
1312 1475 1665 1556 ignorantia
1711 1474 1876 1555 juris
1930 1483 2026 1536 est
2073 1474 2333 1555 duplex,

837 1574 1080 1637 scilicet
1112 1573 1457 1648 vincibilis,
1492 1581 1554 1635 et
1592 1573 2011 1635 invincibilis.
2044 1573 2339 1654 Ignoran-

836 1674 923 1735 tia
955 1691 1213 1755 quoque
1254 1673 1576 1735 vincibilis
1617 1672 1854 1754 duplex
1894 1680 2009 1734 est.
2043 1671 2336 1744 Quaedam

837 1780 933 1834 est
988 1771 1301 1846 affectata,
1353 1790 1498 1853 quae
1545 1791 1581 1832 a
1631 1770 1808 1834 nullo
1856 1778 2133 1844 excusat,
2188 1769 2340 1852 quia

839 1889 957 1933 nec
1005 1891 1041 1933 a
1088 1877 1240 1944 toto,
1276 1888 1486 1951 neque
1532 1888 1569 1930 a
1616 1875 1787 1932 tanto
1823 1887 1836 1931 :
1874 1876 1943 1929 ut
1991 1869 2142 1930 dum
2192 1866 2338 1948 quis
2377 1869 2422 1931 B
2453 1878 2659 1952 potest
2687 1870 2845 1932 illud
2874 1870 3111 1951 Regum
3140 1869 3434 1933 :Custodi
3465 1870 3674 1932 virum
3706 1869 3936 1931 istum:
3987 1885 4224 1940 niman
4262 1911 4263 1920 ,

2449 1968 2563 2050 ‘lui
2613 1969 2664 2030 Si
2716 1968 2930 2050 lapsus
2979 1967 3194 2042 fuerit,
3247 1969 3367 2030 erit
3413 1967 3624 2031 anima
3671 1976 3778 2029 tua
3824 1986 3942 2049 pro
3971 1952 4046 1992 ³⁹·

840 1989 966 2032 non
1008 1969 1145 2033 vult
1195 1975 1305 2030 aut
1345 1968 1590 2049 spernit
1627 1967 1731 2049 jus
1772 1967 1958 2041 scire,
2004 1975 2073 2028 ut
2122 1974 2342 2048 peccet

840 2069 1127 2131 liberiuS.
1178 2067 1475 2140 Quaedam
1523 2074 1620 2128 est
1663 2085 1787 2129 non
1838 2065 2154 2140 affectata,
2197 2084 2342 2146 quae

839 2175 1099 2230 excusat
1134 2186 1171 2228 a
1210 2174 1404 2230 tanto.
1440 2165 1797 2246 Ignorantia
1834 2184 2092 2246 quoque
2133 2164 2343 2227 invin-

840 2265 1050 2329 cibilis
1102 2265 1336 2346 duplex
1386 2270 1501 2326 est.
1548 2263 1842 2336 Quaedam
1890 2263 2063 2324 enim
2111 2262 2343 2325 accidit

840 2365 978 2426 sine
1016 2363 1227 2443 culpa,
1261 2362 1425 2423 sicut
1464 2363 1616 2423 dum
1658 2362 1848 2424 homo
1889 2379 2147 2442 operam
2193 2362 2344 2423 dan-

840 2464 918 2525 do
970 2462 1060 2523 rei
1114 2460 1303 2522 licitae
1350 2459 1634 2521 efficitur
1692 2458 1973 2522 furiosus
2028 2478 2041 2521 ε
2094 2467 2156 2522 et
2207 2460 2342 2521 haec

840 2567 1097 2622 excusat
1127 2579 1164 2621 a
1195 2567 1341 2622 toto.
1366 2558 1503 2620 Alia
1532 2557 1763 2621 accidit
1792 2576 1869 2620 ex
1900 2559 2089 2640 culpa
2122 2577 2135 2621 ε
2173 2559 2342 2620 unde

842 2660 919 2721 de
959 2659 1075 2720 hac
1112 2657 1465 2737 ignorantia
1504 2656 1705 2737 aliqui
1746 2655 1988 2731 dicunt,
2027 2657 2198 2738 quod
2240 2675 2345 2718 ex-

842 2765 1019 2820 cusat
1066 2775 1103 2818 a
1148 2762 1343 2817 tanto.
1391 2754 1565 2827 Quod
1618 2773 1767 2818 vero
1819 2755 1973 2817 dicit
2020 2754 2345 2819 Ambrosi-

842 2874 932 2930 υς,
966 2853 1351 2917 Gravissima
1392 2870 1616 2935 peccas
1656 2853 1810 2934 quia
1850 2853 2124 2934 ignoras,
2161 2854 2345 2915 intel-

843 2953 1166 3034 ligendum
1212 2960 1307 3013 est
1357 2969 1483 3014 non
1541 2952 1619 3013 de
1677 2951 2053 3015 enormitate
2111 2950 2339 3033 culpae,

2443 787 2626 849 nobis
2657 789 2749 850 uti
2785 789 2876 850 eis
2917 789 2994 850 ad
3036 788 3289 850 libitum
3331 796 3639 862 nostrum,
3673 788 3784 850 sed
3821 787 3934 849 ali-

2441 887 2696 966 quando
2728 889 2806 948 de
2835 887 2927 948 eis
2957 887 3114 949 ratio
3145 887 3431 966 exigetur
3459 905 3496 947 a
3525 886 3708 950 nobis
3742 904 3755 948 ε
3793 905 3938 967 pro-

2445 992 2584 1066 pter
2623 986 2792 1066 quod
2836 984 3018 1066 quasi
3065 985 3501 1048 commendata
3539 991 3686 1046 sunt
3725 983 3931 1047 nobis.

2444 1083 2577 1157 Vel,
2612 1084 2826 1145 datum
2879 1082 3151 1145 refertur
3198 1084 3276 1145 ad
3325 1084 3488 1146 dona
3529 1083 3773 1146 homini
3819 1101 3936 1164 pro

2446 1199 2514 1242 se
2562 1181 2703 1263 ipso
2761 1182 3024 1261 collata3
3076 1182 3586 1244 commendatum
3635 1199 3807 1255 vero,
3857 1181 3939 1242 ad

2448 1281 2610 1342 dona
2639 1281 2886 1343 homini
2920 1280 3198 1362 proestita
3227 1299 3343 1362 pro
3379 1279 3648 1342 aliorum
3683 1279 3940 1342 directi-

2446 1397 2587 1453 one,
2613 1379 2715 1441 vel
2743 1380 2820 1440 ad
2844 1397 3098 1460 gregem
3129 1378 3521 1442 dominicum
3549 1378 3740 1440 alicui
3771 1397 3942 1441 com-

2448 1479 2816 1539 mendatum
2862 1496 2876 1540 t
2919 1485 2982 1540 et
3025 1485 3268 1540 certum
3313 1484 3408 1539 est
3443 1478 3614 1558 quod
3656 1478 3802 1559 plus
3844 1495 3942 1537 re-

2448 1575 2740 1657 quiretur
2773 1573 2854 1636 ab
2885 1593 2980 1648 eo,
3017 1575 3118 1636 cui
3159 1575 3362 1655 major
3398 1575 3754 1636 animarum
3789 1592 3942 1636 cura

2450 1673 2787 1737 commissa
2828 1680 2943 1747 est,
2977 1673 3130 1754 quia
3171 1675 3249 1735 de
3289 1673 3532 1735 cunctis
3571 1681 3634 1734 et
3671 1672 3939 1752 singulis

2451 1774 2710 1834 daturus
2759 1779 2854 1834 est
2903 1772 3232 1835 rationem.
3276 1772 3368 1834 Ad
3418 1773 3588 1853 quod
3631 1770 3939 1853 applicari

2450 2067 2662 2129 anima
2701 2067 2896 2128 illius.
2937 2066 3167 2149 Joseph
3205 2085 3464 2148 quoque
3502 2067 3565 2128 in
3605 2065 3827 2129 Genesi
3875 2065 3940 2126 in

2451 2165 2660 2246 figura
2708 2165 2938 2228 Christi
2996 2165 3084 2227 ait
3141 2165 3446 2227 fratribus
3499 2164 3631 2227 suis
3683 2164 3944 2246 patriar-

2453 2264 2610 2338 chis,
2665 2282 2999 2346 personam
3061 2266 3462 2346 praelatorum
3509 2265 3871 2327 tenentibus
3923 2283 3938 2328 :

2451 2361 2586 2425 Non
2628 2362 2925 2425 videbitis
2970 2363 3198 2425 faciem
3243 2382 3471 2438 meam,
3506 2364 3628 2426 nisi
3673 2365 3944 2428 adduxe·
3995 2385 4108 2428 Gen.
4129 2397 4224 2427 mn.

3975 2451 4020 2489 a.

2455 2461 2594 2523 ritis
2633 2460 2892 2524 fratrem
2926 2471 3207 2524 vestrum
3244 2462 3585 2525 minimum
3617 2465 3695 2526 ad
3736 2481 3858 2525 me.

2533 2559 2857 2634 Proeterea,
2891 2561 3150 2622 audiant
3187 2561 3322 2624 haec
3359 2569 3422 2622 et
3460 2561 3946 2624 contremiscant

2454 2659 2744 2722 homines
2794 2659 3110 2735 excaecati,
3155 2659 3301 2723 vani
3351 2667 3414 2722 et
3461 2660 3660 2734 stulti,
3708 2660 3820 2743 qui
3868 2661 3946 2723 de

2455 2757 2636 2821 donis
2667 2756 2775 2819 Dei
2809 2775 2876 2820 se
2905 2757 3076 2839 ipsos
3109 2758 3361 2838 erigunt
3391 2766 3455 2821 et
3484 2757 3814 2832 extollunt,
3833 2758 3945 2838 qui

2455 2857 2532 2918 de
2563 2856 2912 2917 subtilitate
2943 2855 3205 2936 ingenii,
3241 2855 3614 2918 excellentia
3644 2855 3944 2930 scientiae,

2455 2953 2838 3034 eloquentia,
2893 2953 3394 3035 pulchritudine,
3439 2952 3787 3034 opulentia,
3841 2971 3949 3015 no-

843 3053 953 3114 sed
1012 3052 1089 3112 de
1150 3049 1587 3131 magnitudine
1646 3049 1941 3131 periculi.
1994 3048 2110 3121 Qui
2172 3049 2342 3111 enim
2382 3057 2424 3118 C
2456 3051 2719 3126 bilitate‚
2758 3053 3055 3134 potentia,
3082 3051 3406 3132 dignitate,
3433 3070 3500 3113 se
3527 3051 3784 3133 jactant,
3819 3052 3952 3113 ina-

844 3167 1106 3233 peccare
1136 3167 1203 3211 se
1233 3147 1459 3223 nescit,
1491 3167 1618 3210 non
1652 3148 1822 3210 dolet
1856 3166 1972 3210 nec
2004 3147 2345 3211 confitetur

844 3250 921 3311 de
962 3247 1069 3310 tali
1121 3255 1398 3329 peccato,
1435 3247 1657 3308 saltem
1702 3246 1767 3307 in
1813 3246 2099 3327 speciali.

923 3347 1232 3428 Deinceps
1284 3345 1443 3408 ratio
1490 3345 1869 3424 assignatur,
1912 3364 2026 3407 cur
2074 3345 2348 3407 scienter

846 3465 1117 3530 peccans
1163 3445 1423 3525 gravius
1464 3444 1945 3507 condemnatur.
1992 3445 2185 3506 Omni
2230 3463 2348 3503 au-

846 3557 969 3607 tem
997 3547 1108 3604 cui
1141 3547 1423 3604 multum
1458 3544 1689 3602 datum
1722 3551 1836 3609 est,
1870 3545 2154 3602 multum
2182 3561 2350 3620 quoe-

840 3653 1024 3704 retur
1065 3645 1145 3702 ab
1182 3661 1305 3701 eo:
1338 3641 1457 3702 hoc
1500 3647 1616 3712 est,
1662 3646 1901 3720 quanto
1947 3638 2110 3699 Deus
2155 3639 2346 3700 alicui

848 3742 1032 3824 plura
1070 3739 1387 3802 beneficia
1426 3746 1522 3799 est
1561 3737 1848 3817 largitus,
1883 3736 2182 3799 videlicet
2209 3738 2350 3820 plu-

847 3860 916 3902 ra
963 3847 1072 3902 aut
1131 3838 1370 3919 maJora
1426 3838 1591 3900 dona
1648 3843 1893 3900 naturae
1943 3844 2049 3898 aut
2106 3837 2344 3917 gratiae,

846 3939 1119 4003 fortunae
1158 3937 1293 4000 sive
1334 3935 1651 4010 Ecclesiae,
1686 3943 1859 3999 tanto
1900 3935 2345 3998 districtiorem

849 4038 927 4099 ab
959 4055 1033 4100 eo
1068 4035 1275 4116 exiget
1317 4035 1649 4108 rationem,
1684 4042 1747 4096 et
1788 4033 2093 4115 majorem
2136 4033 2350 4114 requi-

850 4136 932 4197 rit
976 4134 1322 4216 gratiarum
1382 4132 1719 4206 actionem,
1774 4132 2348 4214 perfectioremque

849 4235 1245 4306 servitutem,
1310 4230 1539 4294 ceteris
1600 4231 1883 4312 paribus.
1936 4229 2056 4292 Sed
2115 4231 2173 4292 ei
2234 4231 2344 4312 qui
2378 4233 2428 4294 D
2456 4231 2614 4304 Quid
2657 4231 2852 4294 habes
2899 4233 3072 4314 quod
3124 4251 3251 4295 non
3302 4233 3644 4314 accepisti?
3679 4232 3853 4305 Quod
3894 4232 3946 4294 si
3976 4249 4232 4296 icor-,ma

850 4333 971 4395 scit
1010 4330 1404 4394 voluntatem
1453 4328 1585 4403 Dei,
1630 4337 1691 4391 et
1741 4329 1919 4391 novit
1964 4328 2121 4409 quid
2167 4347 2349 4410 agen-

851 4433 1026 4506 dum,
1079 4428 1238 4511 quid
1297 4428 1449 4490 item
1509 4427 1862 4501 vitandum,
1925 4427 2069 4509 plus
2130 4428 2347 4489 datum

850 4537 946 4593 est
989 4547 1002 4591 ε
1046 4545 1195 4608 ergo
1244 4527 1391 4608 plus
1441 4525 1803 4606 requiretur
1849 4525 1929 4586 ab
1982 4543 2077 4588 eo.
2113 4529 2200 4586 Et
2237 4528 2348 4587 cui

847 4629 1458 4690 commendaverunt
1498 4628 1800 4694 multum,
1824 4627 1979 4701 plus
2012 4633 2229 4701 petent
2267 4628 2346 4685 ab

846 4749 915 4789 eo
946 4749 969 4787 .·
1000 4726 1064 4787 id
1114 4733 1229 4799 est,
1274 4724 1440 4786 sicut
1477 4722 1769 4786 homines
1815 4722 1961 4804 plus
2000 4722 2349 4804 exquirunt

846 4825 927 4888 ab
975 4843 1050 4888 eo
1107 4822 1211 4885 cui
1262 4821 1406 4904 plus
1466 4822 2091 4896 commendaverunt,
2148 4821 2234 4883 ita
2285 4830 2349 4884 et

850 4925 1040 4986 Deus.

927 5023 1118 5086 Porro
1146 5021 1283 5084 haec
1311 5021 1458 5093 duo,
1494 5018 1793 5083 videlicet
1821 5019 2037 5081 datum
2076 5025 2139 5080 et
2179 5036 2348 5080 com-

848 5122 1239 5192 mendatum,
1294 5117 1517 5180 referri
1568 5125 1837 5199 possunt
1892 5117 1969 5178 ad
2022 5117 2233 5196 idem3
2285 5123 2347 5178 et

848 5229 1059 5283 tamen
1119 5216 1468 5281 distinctim
1526 5224 1875 5296 ponuntur,
1934 5216 2011 5278 ad
2071 5215 2344 5276 innuen·

852 5319 1005 5381 dum
1036 5317 1207 5398 quod
1238 5314 1403 5378 bona
1440 5313 1624 5377 nobis
1660 5313 1966 5376 divinitus
1998 5313 2340 5394 impertita,

2456 3151 2621 3213 niter
2649 3153 2945 3232 gaudent,
2973 3160 3036 3213 et
3062 3152 3217 3214 alios
3248 3159 3579 3231 spernunt,
3604 3151 3786 3233 quasi
3816 3152 3950 3214 haec

2454 3249 2594 3330 ipsa
2630 3268 2667 3310 a
2707 3268 2773 3310 se
2815 3248 2995 3331 ipsis,
3041 3268 3166 3312 non
3208 3269 3244 3311 a
3285 3248 3412 3312 Deo
3459 3249 3660 3312 sortiti
3707 3249 3854 3322 sint,
3889 3257 3952 3311 et

2454 3346 2636 3428 quasi
2671 3366 2795 3410 non
2829 3347 2957 3409 sint
2986 3348 3064 3408 de
3095 3347 3412 3410 universis
3450 3354 3513 3409 et
3551 3347 3818 3428 singulis
3857 3348 3951 3410 di-

2456 3444 2859 3508 strictissimo
2885 3444 3093 3507 Judici
3125 3445 3435 3508 rationem
3468 3445 3712 3508 daturi:
3748 3464 3948 3528 quum

2455 3551 2666 3606 tamen
2710 3561 3237 3626 unumquemque
3277 3550 3563 3626 oporteat
3603 3551 3774 3607 tanto
3813 3561 3950 3606 esse

2457 3643 2581 3705 Deo
2611 3642 3084 3722 subjectiorem,
3102 3642 3463 3722 gratiorem,
3483 3649 3674 3724 atque
3703 3643 3779 3704 de
3809 3642 3950 3722 ejus

2455 3739 2696 3821 judicio
2742 3740 3017 3822 amplius
3059 3740 3448 3816 timoratum,
3488 3748 3726 3822 quanto
3765 3741 3952 3822 plura

2458 3840 2731 3920 desuper
2771 3839 3028 3902 sortitus
3073 3846 3167 3900 est
3206 3840 3389 3902 dona.
3433 3838 3691 3916 Idcirco,
3726 3837 3948 3901 Beatus
4031 3863 4166 3906 pm.

2457 3937 2648 4001 homo
2678 3937 2789 4018 qui
2821 3955 3076 4019 semper
3105 3945 3201 3999 est
3231 3937 3522 4019 paviduS,
3548 3939 3947 4020 perpendens
3977 3941 4030 3971 ¹¹

2456 4054 2650 4116 quam
2699 4036 3088 4098 horrendum
3147 4035 3230 4096 sit
3277 4035 3557 4098 incidere
3604 4035 3669 4097 in
3721 4055 3946 4098 manus
3974 4061 4230 4108 neaman

2455 4133 2563 4195 Dei
2605 4133 2900 4196 viventis.
2943 4133 3118 4196 Unde
3163 4134 3500 4216 Apostolus
3539 4133 3942 4198 sciscitatur:

2456 4330 2779 4412 accepisti,
2833 4349 2947 4392 cur
3001 4330 3293 4410 gloriaris
3351 4331 3533 4412 quasi
3592 4349 3718 4394 non
3777 4349 3951 4395 acce-

2461 4429 2629 4511 peris
2651 4431 2675 4490 2

2538 4526 2679 4590 Post
2727 4527 2862 4589 haec
2908 4526 3185 4590 ostendit
3230 4525 3532 4603 Salvator,
3574 4528 3745 4608 quod
3797 4547 3955 4610 prae-

2458 4624 2717 4687 inducta
2780 4644 2895 4687 sua
2959 4633 3294 4708 praecepta,
3357 4627 3753 4701 documenta,
3817 4627 3953 4690 sive

2459 4723 2744 4797 consilia,
2790 4723 3115 4806 implenda
3166 4724 3294 4785 sint
3342 4724 3554 4805 potius
3597 4743 3811 4789 amore
3849 4725 3954 4787 Di-

2457 4821 2761 4896 vinitatis,
2796 4841 2989 4903 quam
3028 4822 3258 4885 timore
3295 4823 3716 4886 damnationis
3751 4841 3765 4885 :
3797 4824 3952 4904 quia

2457 4920 2658 4983 multo
2691 4920 3034 5002 perfectius
3073 4927 3169 4982 est
3207 4920 3497 4984 omittere
3525 4921 3692 4983 mala
3718 4929 3783 4983 et
3809 4941 3950 5003 age-

2458 5037 2524 5080 re
2552 5018 2720 5081 bona
2749 5036 2826 5080 ex
2857 5037 3020 5100 puro
3049 5017 3158 5080 Dei
3199 5037 3414 5081 amore
3451 5037 3563 5081 seu
3603 5019 3737 5083 zelo
3764 5019 3952 5100 justi-

2457 5117 2579 5193 tiae,
2631 5136 2823 5198 quam
2875 5124 3112 5180 terrore
3163 5116 3490 5200 supplicii.
3535 5121 3758 5196 anem
3801 5122 3950 5180 vem·

2457 5217 2708 5276 mittere
2739 5218 2809 5276 in
2843 5225 3110 5288 terram,
3133 5216 3196 5278 id
3226 5225 3341 5292 est,
3375 5217 3453 5279 ad
3483 5217 3603 5280 hoc
3632 5235 3669 5278 a
3698 5236 3948 5282 summo

2455 5313 2615 5376 coelo
2646 5314 2964 5390 descendi,
2999 5315 3496 5399 hominibusque
3533 5315 3799 5401 apparui
3833 5334 3950 5399 per

4037 3939 4120 3978 vm,
4147 3928 4206 3966 u.

4073 5127 4142 5186 49
