<?xml version="1.0" encoding="UTF-8"?>
<!DOCTYPE html PUBLIC "-//W3C//DTD XHTML 1.0 Transitional//EN"
    "http://www.w3.org/TR/xhtml1/DTD/xhtml1-transitional.dtd">
<html xmlns="http://www.w3.org/1999/xhtml" xml:lang="en" lang="en">
 <head>
  <title>
</title>
<meta http-equiv="Content-Type" content="text/html;charset=utf-8" />
  <meta name='ocr-system' content='tesseract 3.04.00' />
  <meta name='ocr-capabilities' content='ocr_page ocr_carea ocr_par ocr_line ocrx_word'/>
</head>
<body>
  <div class='ocr_page' id='page_1' title='image "./doctorisecstati09unkngoog_0562.png"; bbox 0 0 4300 6259; ppageno 0'>
   <div class='ocr_carea' id='block_1_1' title="bbox 791 451 3127 521">
    <p class='ocr_par' dir='ltr' id='par_1_1' title="bbox 791 451 3127 521">
     <span class='ocr_line' id='line_1_1' title="bbox 791 451 3127 521; baseline 0.002 -4"><span class='ocrx_word' id='word_1_1' title='bbox 791 451 912 518; x_wconf 75' lang='lat'><strong>472</strong></span> <span class='ocrx_word' id='word_1_2' title='bbox 1563 472 1913 521; x_wconf 71' lang='lat' dir='ltr'><strong>nummo</strong></span> <span class='ocrx_word' id='word_1_3' title='bbox 1954 471 2020 518; x_wconf 76' lang='lat' dir='ltr'><strong>m</strong></span> <span class='ocrx_word' id='word_1_4' title='bbox 2061 470 2200 519; x_wconf 71' lang='grc' dir='ltr'><strong>ω.</strong></span> <span class='ocrx_word' id='word_1_5' title='bbox 2245 472 2288 519; x_wconf 85' lang='lat' dir='ltr'>x</span> <span class='ocrx_word' id='word_1_6' title='bbox 2328 471 2602 519; x_wconf 67' lang='lat' dir='ltr'><strong>somnis.</strong></span> <span class='ocrx_word' id='word_1_7' title='bbox 2646 492 2729 503; x_wconf 92' lang='lat'><strong>—</strong></span> <span class='ocrx_word' id='word_1_8' title='bbox 2768 471 2911 520; x_wconf 65' lang='lat' dir='ltr'><strong>Ait-r.</strong></span> <span class='ocrx_word' id='word_1_9' title='bbox 2956 474 3127 521; x_wconf 83' lang='lat' dir='ltr'><strong>xxvu</strong></span> 
     </span>
    </p>
   </div>
   <div class='ocr_carea' id='block_1_2' title="bbox 793 641 3887 727">
    <p class='ocr_par' dir='ltr' id='par_1_2' title="bbox 793 641 3887 727">
     <span class='ocr_line' id='line_1_2' title="bbox 793 641 3887 727; baseline 0 -22"><span class='ocrx_word' id='word_1_10' title='bbox 793 641 1026 723; x_wconf 89' lang='lat' dir='ltr'><strong>inquit,</strong></span> <span class='ocrx_word' id='word_1_11' title='bbox 1059 644 1382 708; x_wconf 83' lang='lat' dir='ltr'><strong>accusabit</strong></span> <span class='ocrx_word' id='word_1_12' title='bbox 1409 646 1711 709; x_wconf 83' lang='lat' dir='ltr'><strong>adversus</strong></span> <span class='ocrx_word' id='word_1_13' title='bbox 1750 645 1982 709; x_wconf 89' lang='lat' dir='ltr'><strong>electos</strong></span> <span class='ocrx_word' id='word_1_14' title='bbox 2011 643 2156 705; x_wconf 62' lang='lat' dir='ltr'><strong>Dei?</strong></span> <span class='ocrx_word' id='word_1_15' title='bbox 2187 642 2283 717; x_wconf 88' lang='lat' dir='ltr'><strong>Et,</strong></span> <span class='ocrx_word' id='word_1_16' title='bbox 2320 642 2363 705; x_wconf 86' lang='grc' dir='ltr'>Α</span> <span class='ocrx_word' id='word_1_17' title='bbox 2396 660 2583 707; x_wconf 90' lang='lat' dir='ltr'><strong>nemo</strong></span> <span class='ocrx_word' id='word_1_18' title='bbox 2610 652 2894 707; x_wconf 86' lang='lat' dir='ltr'><strong>avertere</strong></span> <span class='ocrx_word' id='word_1_19' title='bbox 2926 652 3150 727; x_wconf 91' lang='lat' dir='ltr'><strong>potest,</strong></span> <span class='ocrx_word' id='word_1_20' title='bbox 3184 652 3247 707; x_wconf 90' lang='lat' dir='ltr'><strong>et</strong></span> <span class='ocrx_word' id='word_1_21' title='bbox 3275 644 3487 707; x_wconf 86' lang='lat' dir='ltr'><strong>anima</strong></span> <span class='ocrx_word' id='word_1_22' title='bbox 3514 644 3655 725; x_wconf 87' lang='lat' dir='ltr'><strong>ejus</strong></span> <span class='ocrx_word' id='word_1_23' title='bbox 3686 644 3887 725; x_wconf 87' lang='lat' dir='ltr'><strong>quod-</strong></span> 
     </span>
    </p>
   </div>
   <div class='ocr_carea' id='block_1_3' title="bbox 500 740 3878 862">
    <p class='ocr_par' dir='ltr' id='par_1_3' title="bbox 500 740 3878 862">
     <span class='ocr_line' id='line_1_3' title="bbox 500 740 3878 862; baseline 0.001 -61"><span class='ocrx_word' id='word_1_24' title='bbox 500 758 764 862; x_wconf 56' lang='lat' dir='ltr'><strong>³⁵Romam,</strong></span> <span class='ocrx_word' id='word_1_25' title='bbox 792 740 942 814; x_wconf 86' lang='lat' dir='ltr'><strong>Quis</strong></span> <span class='ocrx_word' id='word_1_26' title='bbox 984 761 1098 805; x_wconf 91' lang='lat' dir='ltr'><strong>nos</strong></span> <span class='ocrx_word' id='word_1_27' title='bbox 1145 745 1465 826; x_wconf 79' lang='lat' dir='ltr'><strong>separabit</strong></span> <span class='ocrx_word' id='word_1_28' title='bbox 1507 764 1545 807; x_wconf 87' lang='lat' dir='ltr'><strong>a</strong></span> <span class='ocrx_word' id='word_1_29' title='bbox 1585 744 1842 807; x_wconf 82' lang='lat' dir='ltr'><strong>caritate</strong></span> <span class='ocrx_word' id='word_1_30' title='bbox 1880 744 2155 807; x_wconf 72' lang='lat' dir='ltr'><strong>Christi?</strong></span> <span class='ocrx_word' id='word_1_31' title='bbox 2186 742 2283 817; x_wconf 89' lang='lat' dir='ltr'><strong>Et,</strong></span> <span class='ocrx_word' id='word_1_32' title='bbox 2396 760 2671 824; x_wconf 88' lang='lat' dir='ltr'><strong>cumque</strong></span> <span class='ocrx_word' id='word_1_33' title='bbox 2722 743 2923 808; x_wconf 89' lang='lat' dir='ltr'><strong>voluit</strong></span> <span class='ocrx_word' id='word_1_34' title='bbox 2967 743 3139 806; x_wconf 81' lang='lat' dir='ltr'><strong>fecit.</strong></span> <span class='ocrx_word' id='word_1_35' title='bbox 3180 744 3355 806; x_wconf 83' lang='lat' dir='ltr'>Unde</span> <span class='ocrx_word' id='word_1_36' title='bbox 3400 742 3701 805; x_wconf 76' lang='lat' dir='ltr'><strong>Ieremias</strong></span> <span class='ocrx_word' id='word_1_37' title='bbox 3742 742 3878 805; x_wconf 86' lang='lat' dir='ltr'><strong>ait:</strong></span> 
     </span>
    </p>
   </div>
   <div class='ocr_carea' id='block_1_4' title="bbox 499 840 4187 4865">
    <p class='ocr_par' dir='ltr' id='par_1_4' title="bbox 499 840 4187 1713">
     <span class='ocr_line' id='line_1_4' title="bbox 499 840 4183 935; baseline 0.002 -30"><span class='ocrx_word' id='word_1_38' title='bbox 499 882 766 935; x_wconf 45' lang='lat' dir='ltr'><strong>mmmm</strong></span> <span class='ocrx_word' id='word_1_39' title='bbox 795 840 1014 905; x_wconf 86' lang='lat' dir='ltr'><strong>Certus</strong></span> <span class='ocrx_word' id='word_1_40' title='bbox 1045 861 1187 904; x_wconf 91' lang='lat' dir='ltr'><strong>sum</strong></span> <span class='ocrx_word' id='word_1_41' title='bbox 1226 844 1379 924; x_wconf 88' lang='lat' dir='ltr'><strong>quia</strong></span> <span class='ocrx_word' id='word_1_42' title='bbox 1417 862 1626 925; x_wconf 87' lang='lat' dir='ltr'><strong>neque</strong></span> <span class='ocrx_word' id='word_1_43' title='bbox 1665 862 1856 918; x_wconf 83' lang='lat' dir='ltr'><strong>morS,</strong></span> <span class='ocrx_word' id='word_1_44' title='bbox 1894 861 2103 924; x_wconf 90' lang='lat' dir='ltr'><strong>neque</strong></span> <span class='ocrx_word' id='word_1_45' title='bbox 2131 842 2281 917; x_wconf 88' lang='lat' dir='ltr'><strong>vita,</strong></span> <span class='ocrx_word' id='word_1_46' title='bbox 2396 841 2545 914; x_wconf 86' lang='lat' dir='ltr'><strong>Quis</strong></span> <span class='ocrx_word' id='word_1_47' title='bbox 2576 841 2805 905; x_wconf 90' lang='lat' dir='ltr'><strong>similis</strong></span> <span class='ocrx_word' id='word_1_48' title='bbox 2836 842 3005 905; x_wconf 71' lang='lat' dir='ltr'><strong>mei?</strong></span> <span class='ocrx_word' id='word_1_49' title='bbox 3036 852 3145 905; x_wconf 90' lang='lat' dir='ltr'><strong>aut</strong></span> <span class='ocrx_word' id='word_1_50' title='bbox 3181 843 3327 925; x_wconf 89' lang='lat' dir='ltr'><strong>quis</strong></span> <span class='ocrx_word' id='word_1_51' title='bbox 3365 842 3708 904; x_wconf 81' lang='lat' dir='ltr'><strong>sustinebit</strong></span> <span class='ocrx_word' id='word_1_52' title='bbox 3734 844 3879 903; x_wconf 67' lang='lat' dir='ltr'><strong>me?</strong></span> <span class='ocrx_word' id='word_1_53' title='bbox 3935 864 4033 907; x_wconf 66' lang='grc' dir='ltr'><strong>ια.</strong></span> <span class='ocrx_word' id='word_1_54' title='bbox 4070 878 4183 911; x_wconf 71' lang='lat' dir='ltr'><strong>mx.</strong></span> 
     </span>
     <span class='ocr_line' id='line_1_5' title="bbox 795 928 3983 1025; baseline 0 -24"><span class='ocrx_word' id='word_1_55' title='bbox 795 958 1004 1021; x_wconf 86' lang='lat' dir='ltr'><strong>neque</strong></span> <span class='ocrx_word' id='word_1_56' title='bbox 1051 942 1282 1021; x_wconf 82' lang='lat' dir='ltr'><strong>angeli,</strong></span> <span class='ocrx_word' id='word_1_57' title='bbox 1338 959 1546 1023; x_wconf 90' lang='lat' dir='ltr'><strong>neque</strong></span> <span class='ocrx_word' id='word_1_58' title='bbox 1605 942 2025 1025; x_wconf 81' lang='lat' dir='ltr'><strong>principatuS‚</strong></span> <span class='ocrx_word' id='word_1_59' title='bbox 2077 958 2287 1021; x_wconf 88' lang='lat' dir='ltr'><strong>neque</strong></span> <span class='ocrx_word' id='word_1_60' title='bbox 2396 950 2457 1003; x_wconf 88' lang='lat' dir='ltr'><strong>et</strong></span> <span class='ocrx_word' id='word_1_61' title='bbox 2494 940 2639 1022; x_wconf 88' lang='lat' dir='ltr'><strong>quis</strong></span> <span class='ocrx_word' id='word_1_62' title='bbox 2683 948 2778 1003; x_wconf 88' lang='lat' dir='ltr'><strong>est</strong></span> <span class='ocrx_word' id='word_1_63' title='bbox 2824 942 2943 1004; x_wconf 90' lang='lat' dir='ltr'><strong>iste</strong></span> <span class='ocrx_word' id='word_1_64' title='bbox 2989 950 3202 1024; x_wconf 89' lang='lat' dir='ltr'><strong>pastor</strong></span> <span class='ocrx_word' id='word_1_65' title='bbox 3236 942 3347 1023; x_wconf 88' lang='lat' dir='ltr'><strong>qui</strong></span> <span class='ocrx_word' id='word_1_66' title='bbox 3390 941 3640 1002; x_wconf 82' lang='lat' dir='ltr'><strong>resistat</strong></span> <span class='ocrx_word' id='word_1_67' title='bbox 3675 939 3880 1002; x_wconf 83' lang='lat' dir='ltr'><strong>vultui</strong></span> <span class='ocrx_word' id='word_1_68' title='bbox 3910 928 3983 971; x_wconf 76' lang='lat'><strong>¹⁹·</strong></span> 
     </span>
     <span class='ocr_line' id='line_1_6' title="bbox 795 1037 4105 1122; baseline -0.001 -23"><span class='ocrx_word' id='word_1_69' title='bbox 795 1037 1114 1113; x_wconf 88' lang='lat' dir='ltr'><strong>instantia,</strong></span> <span class='ocrx_word' id='word_1_70' title='bbox 1173 1058 1382 1122; x_wconf 88' lang='lat' dir='ltr'><strong>neque</strong></span> <span class='ocrx_word' id='word_1_71' title='bbox 1436 1040 1673 1115; x_wconf 84' lang='lat' dir='ltr'><strong>futura,</strong></span> <span class='ocrx_word' id='word_1_72' title='bbox 1736 1058 1944 1122; x_wconf 87' lang='lat' dir='ltr'><strong>neque</strong></span> <span class='ocrx_word' id='word_1_73' title='bbox 2001 1047 2289 1102; x_wconf 89' lang='lat' dir='ltr'><strong>creatura</strong></span> <span class='ocrx_word' id='word_1_74' title='bbox 2398 1041 2581 1101; x_wconf 71' lang='lat' dir='ltr'><strong>meo?</strong></span> <span class='ocrx_word' id='word_1_75' title='bbox 2629 1038 2771 1120; x_wconf 90' lang='lat' dir='ltr'><strong>Ipse</strong></span> <span class='ocrx_word' id='word_1_76' title='bbox 2826 1045 2922 1101; x_wconf 88' lang='lat' dir='ltr'><strong>est</strong></span> <span class='ocrx_word' id='word_1_77' title='bbox 2972 1039 3133 1101; x_wconf 88' lang='lat' dir='ltr'><strong>Deus</strong></span> <span class='ocrx_word' id='word_1_78' title='bbox 3186 1038 3501 1119; x_wconf 88' lang='lat' dir='ltr'><strong>gloriosus</strong></span> <span class='ocrx_word' id='word_1_79' title='bbox 3556 1046 3619 1099; x_wconf 88' lang='lat' dir='ltr'><strong>et</strong></span> <span class='ocrx_word' id='word_1_80' title='bbox 3676 1037 3879 1113; x_wconf 78' lang='lat' dir='ltr'><strong>fortiS,</strong></span> <span class='ocrx_word' id='word_1_81' title='bbox 3968 1054 4105 1097; x_wconf 69' lang='lat' dir='ltr'><strong>nm.</strong></span> 
     </span>
     <span class='ocr_line' id='line_1_7' title="bbox 791 1121 4185 1226; baseline 0.001 -30"><span class='ocrx_word' id='word_1_82' title='bbox 791 1135 916 1198; x_wconf 90' lang='lat' dir='ltr'><strong>alia</strong></span> <span class='ocrx_word' id='word_1_83' title='bbox 966 1138 1197 1218; x_wconf 88' lang='lat' dir='ltr'><strong>poterit</strong></span> <span class='ocrx_word' id='word_1_84' title='bbox 1248 1158 1360 1202; x_wconf 90' lang='lat' dir='ltr'><strong>nos</strong></span> <span class='ocrx_word' id='word_1_85' title='bbox 1415 1157 1706 1221; x_wconf 85' lang='lat' dir='ltr'><strong>separare</strong></span> <span class='ocrx_word' id='word_1_86' title='bbox 1755 1158 1792 1200; x_wconf 88' lang='lat' dir='ltr'><strong>a</strong></span> <span class='ocrx_word' id='word_1_87' title='bbox 1844 1138 2102 1200; x_wconf 88' lang='lat' dir='ltr'><strong>caritate</strong></span> <span class='ocrx_word' id='word_1_88' title='bbox 2150 1138 2284 1212; x_wconf 89' lang='lat' dir='ltr'><strong>Dei,</strong></span> <span class='ocrx_word' id='word_1_89' title='bbox 2398 1137 2703 1199; x_wconf 90' lang='lat' dir='ltr'><strong>terribilis</strong></span> <span class='ocrx_word' id='word_1_90' title='bbox 2764 1145 2957 1219; x_wconf 88' lang='lat' dir='ltr'><strong>atque</strong></span> <span class='ocrx_word' id='word_1_91' title='bbox 3022 1138 3389 1200; x_wconf 88' lang='lat' dir='ltr'><strong>liberrimus</strong></span> <span class='ocrx_word' id='word_1_92' title='bbox 3450 1156 3465 1200; x_wconf 90' lang='lat'>:</span> <span class='ocrx_word' id='word_1_93' title='bbox 3527 1137 3639 1218; x_wconf 89' lang='lat' dir='ltr'><strong>qui</strong></span> <span class='ocrx_word' id='word_1_94' title='bbox 3698 1136 3882 1217; x_wconf 86' lang='lat' dir='ltr'><strong>cujus</strong></span> <span class='ocrx_word' id='word_1_95' title='bbox 3910 1121 4185 1226; x_wconf 49' lang='lat' dir='ltr'><strong>gffgffig</strong></span> 
     </span>
     <span class='ocr_line' id='line_1_8' title="bbox 793 1236 4185 1318; baseline -0.001 -20"><span class='ocrx_word' id='word_1_96' title='bbox 793 1255 938 1317; x_wconf 83' lang='lat' dir='ltr'><strong>quae</strong></span> <span class='ocrx_word' id='word_1_97' title='bbox 1001 1245 1098 1299; x_wconf 91' lang='lat' dir='ltr'><strong>est</strong></span> <span class='ocrx_word' id='word_1_98' title='bbox 1163 1237 1230 1299; x_wconf 90' lang='lat' dir='ltr'><strong>in</strong></span> <span class='ocrx_word' id='word_1_99' title='bbox 1288 1238 1536 1301; x_wconf 91' lang='lat' dir='ltr'><strong>Christo</strong></span> <span class='ocrx_word' id='word_1_100' title='bbox 1588 1238 1755 1299; x_wconf 84' lang='lat' dir='ltr'><strong>Jesu.</strong></span> <span class='ocrx_word' id='word_1_101' title='bbox 1818 1236 2289 1301; x_wconf 83' lang='lat' dir='ltr'><strong>Praedestinatio</strong></span> <span class='ocrx_word' id='word_1_102' title='bbox 2400 1236 2537 1297; x_wconf 87' lang='lat' dir='ltr'><strong>vult</strong></span> <span class='ocrx_word' id='word_1_103' title='bbox 2566 1236 2923 1317; x_wconf 85' lang='lat' dir='ltr'><strong>miseretur,</strong></span> <span class='ocrx_word' id='word_1_104' title='bbox 2956 1245 3021 1298; x_wconf 90' lang='lat' dir='ltr'><strong>et</strong></span> <span class='ocrx_word' id='word_1_105' title='bbox 3049 1256 3241 1318; x_wconf 91' lang='lat' dir='ltr'><strong>quem</strong></span> <span class='ocrx_word' id='word_1_106' title='bbox 3270 1237 3409 1301; x_wconf 82' lang='lat' dir='ltr'><strong>vult</strong></span> <span class='ocrx_word' id='word_1_107' title='bbox 3446 1236 3741 1309; x_wconf 72' lang='lat' dir='ltr'><strong>indurat:</strong></span> <span class='ocrx_word' id='word_1_108' title='bbox 3771 1236 3883 1317; x_wconf 92' lang='lat' dir='ltr'><strong>qui</strong></span> <span class='ocrx_word' id='word_1_109' title='bbox 3912 1252 4185 1301; x_wconf 62' lang='lat' dir='ltr'><strong>noa--.ma</strong></span> 
     </span>
     <span class='ocr_line' id='line_1_9' title="bbox 794 1334 4187 1417; baseline -0.001 -23"><span class='ocrx_word' id='word_1_110' title='bbox 794 1334 1092 1415; x_wconf 90' lang='lat' dir='ltr'><strong>equidem</strong></span> <span class='ocrx_word' id='word_1_111' title='bbox 1141 1336 1414 1415; x_wconf 87' lang='lat' dir='ltr'><strong>includit</strong></span> <span class='ocrx_word' id='word_1_112' title='bbox 1459 1335 1673 1399; x_wconf 90' lang='lat' dir='ltr'><strong>omnia</strong></span> <span class='ocrx_word' id='word_1_113' title='bbox 1720 1354 1864 1416; x_wconf 84' lang='lat' dir='ltr'><strong>quae</strong></span> <span class='ocrx_word' id='word_1_114' title='bbox 1909 1335 2127 1397; x_wconf 85' lang='lat' dir='ltr'><strong>electis</strong></span> <span class='ocrx_word' id='word_1_115' title='bbox 2178 1352 2288 1396; x_wconf 90' lang='lat' dir='ltr'><strong>ne-</strong></span> <span class='ocrx_word' id='word_1_116' title='bbox 2398 1334 2487 1396; x_wconf 89' lang='lat' dir='ltr'><strong>ait</strong></span> <span class='ocrx_word' id='word_1_117' title='bbox 2534 1352 2649 1417; x_wconf 90' lang='lat' dir='ltr'><strong>per</strong></span> <span class='ocrx_word' id='word_1_118' title='bbox 2696 1334 2941 1409; x_wconf 81' lang='lat' dir='ltr'><strong>isaiam,</strong></span> <span class='ocrx_word' id='word_1_119' title='bbox 2994 1335 3339 1399; x_wconf 87' lang='lat' dir='ltr'><strong>Consilium</strong></span> <span class='ocrx_word' id='word_1_120' title='bbox 3398 1354 3613 1397; x_wconf 89' lang='lat' dir='ltr'><strong>meum</strong></span> <span class='ocrx_word' id='word_1_121' title='bbox 3670 1334 3881 1407; x_wconf 85' lang='lat' dir='ltr'><strong>stabit,</strong></span> <span class='ocrx_word' id='word_1_122' title='bbox 3914 1354 4187 1394; x_wconf 47' lang='lat' dir='ltr'><strong>namna.</strong></span> 
     </span>
     <span class='ocr_line' id='line_1_10' title="bbox 796 1432 3885 1515; baseline 0 -22"><span class='ocrx_word' id='word_1_123' title='bbox 796 1433 1067 1495; x_wconf 86' lang='lat' dir='ltr'><strong>cessaria</strong></span> <span class='ocrx_word' id='word_1_124' title='bbox 1116 1440 1266 1495; x_wconf 91' lang='lat' dir='ltr'><strong>sunt</strong></span> <span class='ocrx_word' id='word_1_125' title='bbox 1312 1436 1390 1496; x_wconf 91' lang='lat' dir='ltr'><strong>ad</strong></span> <span class='ocrx_word' id='word_1_126' title='bbox 1434 1433 1701 1496; x_wconf 91' lang='lat' dir='ltr'><strong>salutem</strong></span> <span class='ocrx_word' id='word_1_127' title='bbox 1747 1452 1760 1497; x_wconf 77' lang='grc' dir='ltr'>ε</span> <span class='ocrx_word' id='word_1_128' title='bbox 1815 1434 1956 1497; x_wconf 91' lang='lat' dir='ltr'><strong>ideo</strong></span> <span class='ocrx_word' id='word_1_129' title='bbox 1999 1451 2290 1515; x_wconf 91' lang='lat' dir='ltr'><strong>compre-</strong></span> <span class='ocrx_word' id='word_1_130' title='bbox 2400 1439 2463 1494; x_wconf 89' lang='lat' dir='ltr'><strong>et</strong></span> <span class='ocrx_word' id='word_1_131' title='bbox 2508 1433 2717 1495; x_wconf 90' lang='lat' dir='ltr'><strong>omnis</strong></span> <span class='ocrx_word' id='word_1_132' title='bbox 2762 1434 3053 1496; x_wconf 88' lang='lat' dir='ltr'><strong>voluntas</strong></span> <span class='ocrx_word' id='word_1_133' title='bbox 3102 1452 3243 1495; x_wconf 90' lang='lat' dir='ltr'><strong>mea</strong></span> <span class='ocrx_word' id='word_1_134' title='bbox 3279 1432 3414 1495; x_wconf 82' lang='lat' dir='ltr'><strong>fiet.</strong></span> <span class='ocrx_word' id='word_1_135' title='bbox 3456 1433 3599 1515; x_wconf 87' lang='lat' dir='ltr'><strong>lpse</strong></span> <span class='ocrx_word' id='word_1_136' title='bbox 3638 1440 3734 1495; x_wconf 90' lang='lat' dir='ltr'><strong>est</strong></span> <span class='ocrx_word' id='word_1_137' title='bbox 3772 1434 3885 1515; x_wconf 87' lang='lat' dir='ltr'><strong>qui</strong></span> 
     </span>
     <span class='ocr_line' id='line_1_11' title="bbox 796 1530 3888 1614; baseline 0 -22"><span class='ocrx_word' id='word_1_138' title='bbox 796 1530 1017 1593; x_wconf 90' lang='lat' dir='ltr'><strong>hendit</strong></span> <span class='ocrx_word' id='word_1_139' title='bbox 1063 1532 1302 1593; x_wconf 85' lang='lat' dir='ltr'><strong>auxilia</strong></span> <span class='ocrx_word' id='word_1_140' title='bbox 1347 1533 1584 1614; x_wconf 87' lang='lat' dir='ltr'><strong>quibus</strong></span> <span class='ocrx_word' id='word_1_141' title='bbox 1637 1532 1922 1612; x_wconf 87' lang='lat' dir='ltr'><strong>indigent</strong></span> <span class='ocrx_word' id='word_1_142' title='bbox 1968 1531 2291 1613; x_wconf 82' lang='lat' dir='ltr'><strong>praedesti-</strong></span> <span class='ocrx_word' id='word_1_143' title='bbox 2399 1539 2632 1594; x_wconf 85' lang='lat' dir='ltr'><strong>aeterna</strong></span> <span class='ocrx_word' id='word_1_144' title='bbox 2668 1550 2816 1594; x_wconf 89' lang='lat' dir='ltr'><strong>suos</strong></span> <span class='ocrx_word' id='word_1_145' title='bbox 2856 1532 3130 1595; x_wconf 85' lang='lat' dir='ltr'><strong>custodit</strong></span> <span class='ocrx_word' id='word_1_146' title='bbox 3168 1532 3403 1613; x_wconf 85' lang='lat' dir='ltr'><strong>vigilia,</strong></span> <span class='ocrx_word' id='word_1_147' title='bbox 3444 1540 3508 1593; x_wconf 88' lang='lat' dir='ltr'><strong>et</strong></span> <span class='ocrx_word' id='word_1_148' title='bbox 3546 1550 3659 1613; x_wconf 84' lang='lat' dir='ltr'><strong>per</strong></span> <span class='ocrx_word' id='word_1_149' title='bbox 3700 1550 3888 1612; x_wconf 86' lang='lat' dir='ltr'><strong>ange-</strong></span> 
     </span>
     <span class='ocr_line' id='line_1_12' title="bbox 797 1629 3891 1713; baseline 0 -23"><span class='ocrx_word' id='word_1_150' title='bbox 797 1630 949 1704; x_wconf 87' lang='lat' dir='ltr'><strong>nati,</strong></span> <span class='ocrx_word' id='word_1_151' title='bbox 992 1631 1068 1692; x_wconf 90' lang='lat' dir='ltr'><strong>ad</strong></span> <span class='ocrx_word' id='word_1_152' title='bbox 1119 1630 1238 1693; x_wconf 90' lang='lat' dir='ltr'><strong>hoc</strong></span> <span class='ocrx_word' id='word_1_153' title='bbox 1286 1632 1456 1712; x_wconf 89' lang='lat' dir='ltr'><strong>quod</strong></span> <span class='ocrx_word' id='word_1_154' title='bbox 1507 1651 1634 1694; x_wconf 91' lang='lat' dir='ltr'><strong>non</strong></span> <span class='ocrx_word' id='word_1_155' title='bbox 1681 1631 2035 1705; x_wconf 87' lang='lat' dir='ltr'><strong>vincantur,</strong></span> <span class='ocrx_word' id='word_1_156' title='bbox 2080 1648 2291 1711; x_wconf 85' lang='lat' dir='ltr'><strong>neque</strong></span> <span class='ocrx_word' id='word_1_157' title='bbox 2400 1629 2491 1692; x_wconf 93' lang='lat' dir='ltr'><strong>los</strong></span> <span class='ocrx_word' id='word_1_158' title='bbox 2532 1648 2605 1692; x_wconf 86' lang='lat' dir='ltr'><strong>ac</strong></span> <span class='ocrx_word' id='word_1_159' title='bbox 2644 1630 2933 1693; x_wconf 90' lang='lat' dir='ltr'><strong>homines</strong></span> <span class='ocrx_word' id='word_1_160' title='bbox 2976 1640 3222 1693; x_wconf 87' lang='lat' dir='ltr'><strong>sanctos</strong></span> <span class='ocrx_word' id='word_1_161' title='bbox 3266 1630 3518 1713; x_wconf 90' lang='lat' dir='ltr'><strong>plebem</strong></span> <span class='ocrx_word' id='word_1_162' title='bbox 3560 1649 3739 1692; x_wconf 89' lang='lat' dir='ltr'><strong>suam</strong></span> <span class='ocrx_word' id='word_1_163' title='bbox 3774 1649 3891 1711; x_wconf 89' lang='lat' dir='ltr'><strong>gu-</strong></span> 
     </span>
    </p>

    <p class='ocr_par' dir='ltr' id='par_1_5' title="bbox 504 1727 4187 4078">
     <span class='ocr_line' id='line_1_13' title="bbox 793 1727 4181 1812; baseline -0.001 -23"><span class='ocrx_word' id='word_1_164' title='bbox 793 1745 831 1789; x_wconf 88' lang='lat' dir='ltr'><strong>a</strong></span> <span class='ocrx_word' id='word_1_165' title='bbox 861 1727 1106 1791; x_wconf 91' lang='lat' dir='ltr'><strong>Christo</strong></span> <span class='ocrx_word' id='word_1_166' title='bbox 1137 1727 1418 1791; x_wconf 78' lang='lat' dir='ltr'><strong>finaliter</strong></span> <span class='ocrx_word' id='word_1_167' title='bbox 1445 1738 1836 1812; x_wconf 83' lang='lat' dir='ltr'><strong>separentur.</strong></span> <span class='ocrx_word' id='word_1_168' title='bbox 1871 1728 2085 1792; x_wconf 90' lang='lat' dir='ltr'><strong>Manus</strong></span> <span class='ocrx_word' id='word_1_169' title='bbox 2116 1729 2289 1790; x_wconf 88' lang='lat' dir='ltr'><strong>enim</strong></span> <span class='ocrx_word' id='word_1_170' title='bbox 2398 1728 2643 1803; x_wconf 89' lang='lat' dir='ltr'><strong>bernat,</strong></span> <span class='ocrx_word' id='word_1_171' title='bbox 2676 1730 2789 1810; x_wconf 83' lang='lat' dir='ltr'><strong>qui</strong></span> <span class='ocrx_word' id='word_1_172' title='bbox 2832 1748 2979 1791; x_wconf 87' lang='lat' dir='ltr'><strong>vasa</strong></span> <span class='ocrx_word' id='word_1_173' title='bbox 3021 1729 3471 1792; x_wconf 83' lang='lat' dir='ltr'><strong>misericordiae</strong></span> <span class='ocrx_word' id='word_1_174' title='bbox 3515 1729 3893 1811; x_wconf 64' lang='lat' dir='ltr'><strong>praeparavit.</strong></span> <span class='ocrx_word' id='word_1_175' title='bbox 3916 1746 4181 1795; x_wconf 49' lang='lat' dir='ltr'><strong>noa-132</strong></span> 
     </span>
     <span class='ocr_line' id='line_1_14' title="bbox 796 1826 3887 1910; baseline 0 -22"><span class='ocrx_word' id='word_1_176' title='bbox 796 1844 908 1888; x_wconf 90' lang='lat' dir='ltr'><strong>seu</strong></span> <span class='ocrx_word' id='word_1_177' title='bbox 965 1834 1238 1909; x_wconf 88' lang='lat' dir='ltr'><strong>potestas</strong></span> <span class='ocrx_word' id='word_1_178' title='bbox 1288 1828 1518 1891; x_wconf 84' lang='lat' dir='ltr'><strong>Christi</strong></span> <span class='ocrx_word' id='word_1_179' title='bbox 1570 1828 1841 1910; x_wconf 86' lang='lat' dir='ltr'><strong>protegit</strong></span> <span class='ocrx_word' id='word_1_180' title='bbox 1887 1846 2016 1903; x_wconf 76' lang='lat' dir='ltr'><strong>e03,</strong></span> <span class='ocrx_word' id='word_1_181' title='bbox 2068 1847 2292 1909; x_wconf 87' lang='lat' dir='ltr'><strong>quem·</strong></span> <span class='ocrx_word' id='word_1_182' title='bbox 2328 1829 2375 1893; x_wconf 89' lang='lat' dir='ltr'>B</span> <span class='ocrx_word' id='word_1_183' title='bbox 2403 1827 2469 1888; x_wconf 92' lang='lat' dir='ltr'><strong>in</strong></span> <span class='ocrx_word' id='word_1_184' title='bbox 2498 1827 2785 1907; x_wconf 86' lang='lat' dir='ltr'><strong>gloriam.</strong></span> <span class='ocrx_word' id='word_1_185' title='bbox 2818 1826 3115 1899; x_wconf 87' lang='lat' dir='ltr'><strong>Quamvis</strong></span> <span class='ocrx_word' id='word_1_186' title='bbox 3155 1828 3397 1889; x_wconf 81' lang='lat' dir='ltr'><strong>interea</strong></span> <span class='ocrx_word' id='word_1_187' title='bbox 3429 1826 3627 1889; x_wconf 87' lang='lat' dir='ltr'><strong>Patris</strong></span> <span class='ocrx_word' id='word_1_188' title='bbox 3654 1834 3721 1889; x_wconf 88' lang='lat' dir='ltr'><strong>et</strong></span> <span class='ocrx_word' id='word_1_189' title='bbox 3744 1828 3887 1889; x_wconf 82' lang='lat' dir='ltr'><strong>Filii</strong></span> 
     </span>
     <span class='ocr_line' id='line_1_15' title="bbox 504 1925 3889 2009; baseline 0.001 -25"><span class='ocrx_word' id='word_1_190' title='bbox 504 1941 766 1999; x_wconf 48' lang='lat' dir='ltr'><strong>swan-1.</strong></span> <span class='ocrx_word' id='word_1_191' title='bbox 796 1926 1134 1988; x_wconf 90' lang='lat' dir='ltr'><strong>admodum</strong></span> <span class='ocrx_word' id='word_1_192' title='bbox 1179 1944 1295 2008; x_wconf 92' lang='lat' dir='ltr'><strong>per</strong></span> <span class='ocrx_word' id='word_1_193' title='bbox 1332 1925 1694 2009; x_wconf 85' lang='lat' dir='ltr'><strong>Sapientem</strong></span> <span class='ocrx_word' id='word_1_194' title='bbox 1725 1927 2050 1989; x_wconf 83' lang='lat' dir='ltr'><strong>inducitur</strong></span> <span class='ocrx_word' id='word_1_195' title='bbox 2085 1944 2098 1988; x_wconf 92' lang='lat'><strong>:</strong></span> <span class='ocrx_word' id='word_1_196' title='bbox 2132 1925 2294 1999; x_wconf 90' lang='lat' dir='ltr'><strong>Quo-</strong></span> <span class='ocrx_word' id='word_1_197' title='bbox 2401 1926 2484 1987; x_wconf 91' lang='lat' dir='ltr'><strong>sit</strong></span> <span class='ocrx_word' id='word_1_198' title='bbox 2522 1945 2647 1988; x_wconf 88' lang='lat' dir='ltr'><strong>una</strong></span> <span class='ocrx_word' id='word_1_199' title='bbox 2685 1945 2933 2000; x_wconf 89' lang='lat' dir='ltr'><strong>manus,</strong></span> <span class='ocrx_word' id='word_1_200' title='bbox 2967 1944 3080 1988; x_wconf 87' lang='lat' dir='ltr'><strong>seu</strong></span> <span class='ocrx_word' id='word_1_201' title='bbox 3120 1926 3335 1988; x_wconf 87' lang='lat' dir='ltr'><strong>divina</strong></span> <span class='ocrx_word' id='word_1_202' title='bbox 3372 1932 3436 1989; x_wconf 93' lang='lat' dir='ltr'><strong>et</strong></span> <span class='ocrx_word' id='word_1_203' title='bbox 3472 1926 3751 1988; x_wconf 88' lang='lat' dir='ltr'><strong>increata</strong></span> <span class='ocrx_word' id='word_1_204' title='bbox 3780 1945 3889 2009; x_wconf 91' lang='lat' dir='ltr'><strong>po-</strong></span> 
     </span>
     <span class='ocr_line' id='line_1_16' title="bbox 799 2022 4177 2107; baseline 0.001 -22"><span class='ocrx_word' id='word_1_205' title='bbox 799 2022 972 2085; x_wconf 90' lang='lat' dir='ltr'><strong>niam</strong></span> <span class='ocrx_word' id='word_1_206' title='bbox 1032 2024 1288 2087; x_wconf 85' lang='lat' dir='ltr'><strong>dextera</strong></span> <span class='ocrx_word' id='word_1_207' title='bbox 1345 2044 1458 2087; x_wconf 88' lang='lat' dir='ltr'><strong>sua</strong></span> <span class='ocrx_word' id='word_1_208' title='bbox 1513 2032 1682 2105; x_wconf 89' lang='lat' dir='ltr'><strong>teget</strong></span> <span class='ocrx_word' id='word_1_209' title='bbox 1737 2042 1865 2099; x_wconf 81' lang='lat' dir='ltr'><strong>eOS,</strong></span> <span class='ocrx_word' id='word_1_210' title='bbox 1919 2031 1982 2087; x_wconf 92' lang='lat' dir='ltr'><strong>et</strong></span> <span class='ocrx_word' id='word_1_211' title='bbox 2030 2024 2292 2088; x_wconf 89' lang='lat' dir='ltr'><strong>brachio</strong></span> <span class='ocrx_word' id='word_1_212' title='bbox 2400 2032 2613 2099; x_wconf 80' lang='lat' dir='ltr'><strong>testaS,</strong></span> <span class='ocrx_word' id='word_1_213' title='bbox 2654 2025 2735 2088; x_wconf 93' lang='lat' dir='ltr'><strong>ob</strong></span> <span class='ocrx_word' id='word_1_214' title='bbox 2776 2044 2977 2106; x_wconf 77' lang='lat' dir='ltr'><strong>quam</strong></span> <span class='ocrx_word' id='word_1_215' title='bbox 3023 2043 3446 2107; x_wconf 71' lang='lat' dir='ltr'><strong>quaecumque</strong></span> <span class='ocrx_word' id='word_1_216' title='bbox 3494 2024 3645 2087; x_wconf 86' lang='lat' dir='ltr'><strong>facit</strong></span> <span class='ocrx_word' id='word_1_217' title='bbox 3686 2024 3885 2101; x_wconf 88' lang='lat' dir='ltr'><strong>Pater,</strong></span> <span class='ocrx_word' id='word_1_218' title='bbox 3953 2044 4177 2089; x_wconf 42' lang='lat' dir='ltr'><strong>:mm</strong></span> 
     </span>
     <span class='ocr_line' id='line_1_17' title="bbox 798 2108 3995 2206; baseline 0.001 -24"><span class='ocrx_word' id='word_1_219' title='bbox 798 2140 915 2183; x_wconf 88' lang='lat' dir='ltr'><strong>suo</strong></span> <span class='ocrx_word' id='word_1_220' title='bbox 944 2120 1242 2184; x_wconf 81' lang='lat' dir='ltr'><strong>defendet</strong></span> <span class='ocrx_word' id='word_1_221' title='bbox 1279 2122 1442 2186; x_wconf 90' lang='lat' dir='ltr'><strong>illos.</strong></span> <span class='ocrx_word' id='word_1_222' title='bbox 1476 2122 1649 2196; x_wconf 90' lang='lat' dir='ltr'><strong>Quod</strong></span> <span class='ocrx_word' id='word_1_223' title='bbox 1687 2131 1899 2184; x_wconf 87' lang='lat' dir='ltr'><strong>autem</strong></span> <span class='ocrx_word' id='word_1_224' title='bbox 1941 2123 2157 2185; x_wconf 90' lang='lat' dir='ltr'><strong>nullus</strong></span> <span class='ocrx_word' id='word_1_225' title='bbox 2190 2142 2294 2185; x_wconf 88' lang='lat' dir='ltr'><strong>va-</strong></span> <span class='ocrx_word' id='word_1_226' title='bbox 2403 2123 2537 2185; x_wconf 82' lang='lat' dir='ltr'><strong>haec</strong></span> <span class='ocrx_word' id='word_1_227' title='bbox 2583 2133 2648 2186; x_wconf 90' lang='lat' dir='ltr'><strong>et</strong></span> <span class='ocrx_word' id='word_1_228' title='bbox 2696 2116 2893 2185; x_wconf 86' lang='lat' dir='ltr'><strong>Filius</strong></span> <span class='ocrx_word' id='word_1_229' title='bbox 2942 2123 3237 2185; x_wconf 90' lang='lat' dir='ltr'><strong>similiter</strong></span> <span class='ocrx_word' id='word_1_230' title='bbox 3276 2123 3450 2199; x_wconf 81' lang='lat' dir='ltr'><strong>facit,</strong></span> <span class='ocrx_word' id='word_1_231' title='bbox 3494 2133 3702 2187; x_wconf 89' lang='lat' dir='ltr'><strong>tamen</strong></span> <span class='ocrx_word' id='word_1_232' title='bbox 3753 2124 3891 2206; x_wconf 88' lang='lat' dir='ltr'><strong>ipse</strong></span> <span class='ocrx_word' id='word_1_233' title='bbox 3922 2108 3995 2151; x_wconf 81' lang='lat'><strong>¹⁹·</strong></span> 
     </span>
     <span class='ocr_line' id='line_1_18' title="bbox 797 2218 4171 2302; baseline 0 -22"><span class='ocrx_word' id='word_1_234' title='bbox 797 2218 923 2281; x_wconf 91' lang='lat' dir='ltr'><strong>leat</strong></span> <span class='ocrx_word' id='word_1_235' title='bbox 959 2238 1064 2283; x_wconf 90' lang='lat' dir='ltr'><strong>eos</strong></span> <span class='ocrx_word' id='word_1_236' title='bbox 1105 2237 1328 2301; x_wconf 88' lang='lat' dir='ltr'><strong>rapere</strong></span> <span class='ocrx_word' id='word_1_237' title='bbox 1366 2222 1442 2283; x_wconf 90' lang='lat' dir='ltr'><strong>de</strong></span> <span class='ocrx_word' id='word_1_238' title='bbox 1483 2239 1674 2283; x_wconf 89' lang='lat' dir='ltr'><strong>manu</strong></span> <span class='ocrx_word' id='word_1_239' title='bbox 1715 2221 1968 2296; x_wconf 87' lang='lat' dir='ltr'><strong>Christi,</strong></span> <span class='ocrx_word' id='word_1_240' title='bbox 2003 2228 2098 2283; x_wconf 89' lang='lat' dir='ltr'><strong>est</strong></span> <span class='ocrx_word' id='word_1_241' title='bbox 2136 2239 2295 2302; x_wconf 88' lang='lat' dir='ltr'><strong>quo-</strong></span> <span class='ocrx_word' id='word_1_242' title='bbox 2403 2221 2599 2283; x_wconf 86' lang='lat' dir='ltr'><strong>Filius</strong></span> <span class='ocrx_word' id='word_1_243' title='bbox 2648 2222 2807 2283; x_wconf 84' lang='lat' dir='ltr'><strong>solet</strong></span> <span class='ocrx_word' id='word_1_244' title='bbox 2855 2222 2977 2284; x_wconf 89' lang='lat' dir='ltr'><strong>dici</strong></span> <span class='ocrx_word' id='word_1_245' title='bbox 3031 2241 3254 2284; x_wconf 87' lang='lat' dir='ltr'><strong>manus</strong></span> <span class='ocrx_word' id='word_1_246' title='bbox 3304 2230 3369 2284; x_wconf 88' lang='lat' dir='ltr'><strong>et</strong></span> <span class='ocrx_word' id='word_1_247' title='bbox 3417 2221 3749 2285; x_wconf 84' lang='lat' dir='ltr'><strong>brachium</strong></span> <span class='ocrx_word' id='word_1_248' title='bbox 3790 2222 3893 2285; x_wconf 86' lang='lat' dir='ltr'><strong>Pa·</strong></span> <span class='ocrx_word' id='word_1_249' title='bbox 3921 2242 4171 2286; x_wconf 55' lang='lat' dir='ltr'><strong>amm.</strong></span> 
     </span>
     <span class='ocr_line' id='line_1_19' title="bbox 799 2318 4181 2402; baseline -0 -23"><span class='ocrx_word' id='word_1_250' title='bbox 799 2318 972 2379; x_wconf 90' lang='lat' dir='ltr'><strong>niam</strong></span> <span class='ocrx_word' id='word_1_251' title='bbox 1029 2318 1314 2381; x_wconf 87' lang='lat' dir='ltr'><strong>Christus</strong></span> <span class='ocrx_word' id='word_1_252' title='bbox 1371 2319 1774 2401; x_wconf 91' lang='lat' dir='ltr'><strong>omnipotens</strong></span> <span class='ocrx_word' id='word_1_253' title='bbox 1830 2327 1947 2392; x_wconf 91' lang='lat' dir='ltr'><strong>est,</strong></span> <span class='ocrx_word' id='word_1_254' title='bbox 2009 2320 2175 2382; x_wconf 91' lang='lat' dir='ltr'><strong>sicut</strong></span> <span class='ocrx_word' id='word_1_255' title='bbox 2230 2326 2294 2380; x_wconf 88' lang='lat' dir='ltr'><strong>et</strong></span> <span class='ocrx_word' id='word_1_256' title='bbox 2405 2321 2539 2395; x_wconf 79' lang='lat' dir='ltr'><strong>triS,</strong></span> <span class='ocrx_word' id='word_1_257' title='bbox 2588 2320 2741 2402; x_wconf 87' lang='lat' dir='ltr'><strong>quia</strong></span> <span class='ocrx_word' id='word_1_258' title='bbox 2788 2338 2902 2401; x_wconf 90' lang='lat' dir='ltr'><strong>per</strong></span> <span class='ocrx_word' id='word_1_259' title='bbox 2949 2319 3178 2382; x_wconf 84' lang='lat' dir='ltr'><strong>Filium</strong></span> <span class='ocrx_word' id='word_1_260' title='bbox 3232 2321 3445 2385; x_wconf 91' lang='lat' dir='ltr'><strong>omnia</strong></span> <span class='ocrx_word' id='word_1_261' title='bbox 3490 2320 3643 2383; x_wconf 81' lang='lat' dir='ltr'><strong>facit</strong></span> <span class='ocrx_word' id='word_1_262' title='bbox 3688 2320 3887 2383; x_wconf 88' lang='lat' dir='ltr'><strong>Pater.</strong></span> <span class='ocrx_word' id='word_1_263' title='bbox 3916 2341 4181 2385; x_wconf 59' lang='lat' dir='ltr'><strong>Jmm.</strong></span> 
     </span>
     <span class='ocr_line' id='line_1_20' title="bbox 798 2416 3896 2501; baseline 0.001 -24"><span class='ocrx_word' id='word_1_264' title='bbox 798 2416 977 2479; x_wconf 87' lang='lat' dir='ltr'><strong>Pater</strong></span> <span class='ocrx_word' id='word_1_265' title='bbox 1012 2436 1025 2480; x_wconf 75' lang='grc' dir='ltr'>ε</span> <span class='ocrx_word' id='word_1_266' title='bbox 1061 2417 1297 2481; x_wconf 90' lang='lat' dir='ltr'><strong>idcirco</strong></span> <span class='ocrx_word' id='word_1_267' title='bbox 1337 2418 1393 2479; x_wconf 95' lang='lat' dir='ltr'><strong>ei</strong></span> <span class='ocrx_word' id='word_1_268' title='bbox 1437 2418 1780 2500; x_wconf 80' lang='lat' dir='ltr'><strong>praevalere</strong></span> <span class='ocrx_word' id='word_1_269' title='bbox 1811 2418 2027 2481; x_wconf 90' lang='lat' dir='ltr'><strong>nullus</strong></span> <span class='ocrx_word' id='word_1_270' title='bbox 2059 2426 2288 2501; x_wconf 87' lang='lat' dir='ltr'><strong>potest.</strong></span> <span class='ocrx_word' id='word_1_271' title='bbox 2400 2418 2554 2480; x_wconf 91' lang='lat' dir='ltr'><strong>Nam</strong></span> <span class='ocrx_word' id='word_1_272' title='bbox 2595 2418 2658 2480; x_wconf 92' lang='lat' dir='ltr'><strong>in</strong></span> <span class='ocrx_word' id='word_1_273' title='bbox 2702 2419 3021 2482; x_wconf 89' lang='lat' dir='ltr'><strong>communi</strong></span> <span class='ocrx_word' id='word_1_274' title='bbox 3067 2418 3252 2482; x_wconf 91' lang='lat' dir='ltr'><strong>modo</strong></span> <span class='ocrx_word' id='word_1_275' title='bbox 3292 2419 3616 2501; x_wconf 87' lang='lat' dir='ltr'><strong>loquendi,</strong></span> <span class='ocrx_word' id='word_1_276' title='bbox 3652 2419 3760 2481; x_wconf 89' lang='lat' dir='ltr'><strong>ille</strong></span> <span class='ocrx_word' id='word_1_277' title='bbox 3800 2420 3896 2482; x_wconf 92' lang='lat' dir='ltr'><strong>di-</strong></span> 
     </span>
     <span class='ocr_line' id='line_1_21' title="bbox 800 2514 3895 2599; baseline 0.001 -23"><span class='ocrx_word' id='word_1_278' title='bbox 800 2514 1060 2597; x_wconf 90' lang='lat' dir='ltr'><strong>Propter</strong></span> <span class='ocrx_word' id='word_1_279' title='bbox 1095 2517 1267 2597; x_wconf 89' lang='lat' dir='ltr'><strong>quod</strong></span> <span class='ocrx_word' id='word_1_280' title='bbox 1311 2516 1600 2597; x_wconf 89' lang='lat' dir='ltr'><strong>sequitur</strong></span> <span class='ocrx_word' id='word_1_281' title='bbox 1635 2536 1648 2579; x_wconf 93' lang='lat'>:</span> <span class='ocrx_word' id='word_1_282' title='bbox 2404 2517 2569 2579; x_wconf 88' lang='lat' dir='ltr'><strong>citur</strong></span> <span class='ocrx_word' id='word_1_283' title='bbox 2606 2536 2831 2579; x_wconf 90' lang='lat' dir='ltr'><strong>manus</strong></span> <span class='ocrx_word' id='word_1_284' title='bbox 2860 2516 3143 2592; x_wconf 80' lang='lat' dir='ltr'><strong>alteriuS,</strong></span> <span class='ocrx_word' id='word_1_285' title='bbox 3177 2536 3293 2599; x_wconf 91' lang='lat' dir='ltr'><strong>per</strong></span> <span class='ocrx_word' id='word_1_286' title='bbox 3319 2536 3517 2599; x_wconf 87' lang='lat' dir='ltr'><strong>quem</strong></span> <span class='ocrx_word' id='word_1_287' title='bbox 3544 2517 3895 2599; x_wconf 81' lang='lat' dir='ltr'><strong>frequenti-</strong></span> 
     </span>
     <span class='ocr_line' id='line_1_22' title="bbox 594 2614 3896 2698; baseline 0.002 -27"><span class='ocrx_word' id='word_1_288' title='bbox 594 2614 666 2671; x_wconf 80' lang='lat'><strong>29</strong></span> <span class='ocrx_word' id='word_1_289' title='bbox 880 2618 1077 2676; x_wconf 72' lang='lat' dir='ltr'><strong>Pater</strong></span> <span class='ocrx_word' id='word_1_290' title='bbox 1109 2636 1282 2676; x_wconf 81' lang='lat' dir='ltr'><strong>meus</strong></span> <span class='ocrx_word' id='word_1_291' title='bbox 1311 2618 1484 2694; x_wconf 81' lang='lat' dir='ltr'><strong>quod</strong></span> <span class='ocrx_word' id='word_1_292' title='bbox 1509 2617 1689 2676; x_wconf 78' lang='lat' dir='ltr'><strong>dedit</strong></span> <span class='ocrx_word' id='word_1_293' title='bbox 1731 2618 1918 2689; x_wconf 75' lang='lat' dir='ltr'><strong>mihi,</strong></span> <span class='ocrx_word' id='word_1_294' title='bbox 1951 2616 2016 2679; x_wconf 92' lang='lat' dir='ltr'><strong>id</strong></span> <span class='ocrx_word' id='word_1_295' title='bbox 2056 2624 2153 2679; x_wconf 89' lang='lat' dir='ltr'><strong>est</strong></span> <span class='ocrx_word' id='word_1_296' title='bbox 2198 2616 2293 2678; x_wconf 89' lang='lat' dir='ltr'><strong>di-</strong></span> <span class='ocrx_word' id='word_1_297' title='bbox 2404 2636 2479 2678; x_wconf 92' lang='lat' dir='ltr'><strong>us</strong></span> <span class='ocrx_word' id='word_1_298' title='bbox 2510 2624 2827 2697; x_wconf 87' lang='lat' dir='ltr'><strong>operatur.</strong></span> <span class='ocrx_word' id='word_1_299' title='bbox 2856 2614 2959 2677; x_wconf 91' lang='lat' dir='ltr'><strong>Sic</strong></span> <span class='ocrx_word' id='word_1_300' title='bbox 2988 2614 3263 2698; x_wconf 88' lang='lat' dir='ltr'><strong>Spiritus</strong></span> <span class='ocrx_word' id='word_1_301' title='bbox 3294 2614 3558 2679; x_wconf 88' lang='lat' dir='ltr'><strong>Sanctus</strong></span> <span class='ocrx_word' id='word_1_302' title='bbox 3590 2617 3896 2679; x_wconf 87' lang='lat' dir='ltr'><strong>asseritur</strong></span> 
     </span>
     <span class='ocr_line' id='line_1_23' title="bbox 799 2712 4187 2796; baseline -0.001 -21"><span class='ocrx_word' id='word_1_303' title='bbox 799 2713 947 2775; x_wconf 83' lang='lat' dir='ltr'><strong>vina</strong></span> <span class='ocrx_word' id='word_1_304' title='bbox 995 2714 1270 2776; x_wconf 90' lang='lat' dir='ltr'><strong>essentia</strong></span> <span class='ocrx_word' id='word_1_305' title='bbox 1313 2721 1376 2775; x_wconf 88' lang='lat' dir='ltr'><strong>et</strong></span> <span class='ocrx_word' id='word_1_306' title='bbox 1418 2714 1617 2776; x_wconf 89' lang='lat' dir='ltr'><strong>deitas</strong></span> <span class='ocrx_word' id='word_1_307' title='bbox 1663 2732 1830 2787; x_wconf 87' lang='lat' dir='ltr'><strong>vera,</strong></span> <span class='ocrx_word' id='word_1_308' title='bbox 1878 2734 2071 2796; x_wconf 89' lang='lat' dir='ltr'><strong>quam</strong></span> <span class='ocrx_word' id='word_1_309' title='bbox 2119 2714 2296 2776; x_wconf 89' lang='lat' dir='ltr'><strong>Pater</strong></span> <span class='ocrx_word' id='word_1_310' title='bbox 2404 2714 2639 2794; x_wconf 86' lang='lat' dir='ltr'><strong>digitus</strong></span> <span class='ocrx_word' id='word_1_311' title='bbox 2686 2714 2816 2786; x_wconf 92' lang='lat' dir='ltr'><strong>Dei,</strong></span> <span class='ocrx_word' id='word_1_312' title='bbox 2870 2712 3024 2795; x_wconf 90' lang='lat' dir='ltr'><strong>quia</strong></span> <span class='ocrx_word' id='word_1_313' title='bbox 3070 2732 3185 2796; x_wconf 90' lang='lat' dir='ltr'><strong>per</strong></span> <span class='ocrx_word' id='word_1_314' title='bbox 3230 2712 3539 2796; x_wconf 89' lang='lat' dir='ltr'><strong>Spiritum</strong></span> <span class='ocrx_word' id='word_1_315' title='bbox 3595 2713 3893 2777; x_wconf 91' lang='lat' dir='ltr'><strong>Sanctum</strong></span> <span class='ocrx_word' id='word_1_316' title='bbox 3920 2734 4187 2783; x_wconf 55' lang='lat' dir='ltr'><strong>Luam-,aa</strong></span> 
     </span>
     <span class='ocr_line' id='line_1_24' title="bbox 794 2812 3888 2894; baseline 0 -20"><span class='ocrx_word' id='word_1_317' title='bbox 794 2813 1158 2894; x_wconf 88' lang='lat' dir='ltr'><strong>generando</strong></span> <span class='ocrx_word' id='word_1_318' title='bbox 1186 2812 1343 2873; x_wconf 92' lang='lat' dir='ltr'><strong>mihi</strong></span> <span class='ocrx_word' id='word_1_319' title='bbox 1377 2812 1892 2875; x_wconf 87' lang='lat' dir='ltr'><strong>communicavit.</strong></span> <span class='ocrx_word' id='word_1_320' title='bbox 1918 2813 2095 2876; x_wconf 88' lang='lat' dir='ltr'><strong>Pater</strong></span> <span class='ocrx_word' id='word_1_321' title='bbox 2123 2814 2295 2877; x_wconf 89' lang='lat' dir='ltr'><strong>enim</strong></span> <span class='ocrx_word' id='word_1_322' title='bbox 2406 2812 2767 2874; x_wconf 87' lang='lat' dir='ltr'><strong>indicantur</strong></span> <span class='ocrx_word' id='word_1_323' title='bbox 2806 2829 2916 2873; x_wconf 90' lang='lat' dir='ltr'><strong>seu</strong></span> <span class='ocrx_word' id='word_1_324' title='bbox 2969 2812 3330 2874; x_wconf 83' lang='lat' dir='ltr'><strong>revelantur</strong></span> <span class='ocrx_word' id='word_1_325' title='bbox 3374 2812 3592 2874; x_wconf 84' lang='lat' dir='ltr'><strong>divina</strong></span> <span class='ocrx_word' id='word_1_326' title='bbox 3630 2821 3888 2875; x_wconf 86' lang='lat' dir='ltr'><strong>secreta.</strong></span> 
     </span>
     <span class='ocr_line' id='line_1_25' title="bbox 799 2910 3889 2992; baseline -0 -17"><span class='ocrx_word' id='word_1_327' title='bbox 799 2918 992 2975; x_wconf 85' lang='lat' dir='ltr'><strong>totam</strong></span> <span class='ocrx_word' id='word_1_328' title='bbox 1043 2910 1390 2973; x_wconf 88' lang='lat' dir='ltr'><strong>divinitatis</strong></span> <span class='ocrx_word' id='word_1_329' title='bbox 1451 2911 1914 2992; x_wconf 87' lang='lat' dir='ltr'><strong>plenitudinem</strong></span> <span class='ocrx_word' id='word_1_330' title='bbox 1968 2912 2293 2976; x_wconf 85' lang='lat' dir='ltr'><strong>transfun-</strong></span> <span class='ocrx_word' id='word_1_331' title='bbox 2406 2910 2563 2973; x_wconf 87' lang='lat' dir='ltr'><strong>Hinc</strong></span> <span class='ocrx_word' id='word_1_332' title='bbox 2622 2911 2759 2973; x_wconf 93' lang='lat' dir='ltr'><strong>loco</strong></span> <span class='ocrx_word' id='word_1_333' title='bbox 2820 2911 3138 2992; x_wconf 84' lang='lat' dir='ltr'><strong>praesenti,</strong></span> <span class='ocrx_word' id='word_1_334' title='bbox 3194 2929 3308 2992; x_wconf 90' lang='lat' dir='ltr'><strong>per</strong></span> <span class='ocrx_word' id='word_1_335' title='bbox 3364 2930 3625 2973; x_wconf 89' lang='lat' dir='ltr'><strong>manum</strong></span> <span class='ocrx_word' id='word_1_336' title='bbox 3674 2911 3889 2987; x_wconf 77' lang='lat' dir='ltr'><strong>PatriS,</strong></span> 
     </span>
     <span class='ocr_line' id='line_1_26' title="bbox 798 3008 3897 3091; baseline 0.001 -21"><span class='ocrx_word' id='word_1_337' title='bbox 798 3009 890 3070; x_wconf 88' lang='lat' dir='ltr'><strong>dit</strong></span> <span class='ocrx_word' id='word_1_338' title='bbox 950 3008 1015 3070; x_wconf 93' lang='lat' dir='ltr'><strong>in</strong></span> <span class='ocrx_word' id='word_1_339' title='bbox 1075 3008 1328 3071; x_wconf 84' lang='lat' dir='ltr'><strong>Filium.</strong></span> <span class='ocrx_word' id='word_1_340' title='bbox 1384 3010 1608 3087; x_wconf 83' lang='lat' dir='ltr'><strong>Majus</strong></span> <span class='ocrx_word' id='word_1_341' title='bbox 1664 3013 1962 3071; x_wconf 81' lang='lat' dir='ltr'><strong>omnibus</strong></span> <span class='ocrx_word' id='word_1_342' title='bbox 2010 3022 2125 3082; x_wconf 82' lang='lat' dir='ltr'><strong>est,</strong></span> <span class='ocrx_word' id='word_1_343' title='bbox 2175 3012 2295 3075; x_wconf 91' lang='lat' dir='ltr'><strong>hoc</strong></span> <span class='ocrx_word' id='word_1_344' title='bbox 2333 3009 2666 3091; x_wconf 82' lang='lat' dir='ltr'><strong>Cquidam</strong></span> <span class='ocrx_word' id='word_1_345' title='bbox 2718 3009 3087 3089; x_wconf 89' lang='lat' dir='ltr'><strong>intelligunt</strong></span> <span class='ocrx_word' id='word_1_346' title='bbox 3131 3008 3359 3071; x_wconf 85' lang='lat' dir='ltr'><strong>Filium</strong></span> <span class='ocrx_word' id='word_1_347' title='bbox 3414 3028 3427 3071; x_wconf 92' lang='lat'><strong>:</strong></span> <span class='ocrx_word' id='word_1_348' title='bbox 3486 3010 3565 3071; x_wconf 91' lang='lat' dir='ltr'><strong>de</strong></span> <span class='ocrx_word' id='word_1_349' title='bbox 3620 3029 3749 3091; x_wconf 88' lang='lat' dir='ltr'><strong>quo</strong></span> <span class='ocrx_word' id='word_1_350' title='bbox 3796 3029 3897 3072; x_wconf 88' lang='lat' dir='ltr'><strong>ce-</strong></span> 
     </span>
     <span class='ocr_line' id='line_1_27' title="bbox 798 3106 4183 3187; baseline -0.001 -18"><span class='ocrx_word' id='word_1_351' title='bbox 798 3115 914 3182; x_wconf 90' lang='lat' dir='ltr'><strong>est,</strong></span> <span class='ocrx_word' id='word_1_352' title='bbox 967 3108 1265 3171; x_wconf 86' lang='lat' dir='ltr'><strong>universa</strong></span> <span class='ocrx_word' id='word_1_353' title='bbox 1323 3108 1388 3170; x_wconf 92' lang='lat' dir='ltr'><strong>in</strong></span> <span class='ocrx_word' id='word_1_354' title='bbox 1448 3108 1778 3171; x_wconf 82' lang='lat' dir='ltr'><strong>infinitum</strong></span> <span class='ocrx_word' id='word_1_355' title='bbox 1837 3110 2103 3185; x_wconf 87' lang='lat' dir='ltr'><strong>excedit,</strong></span> <span class='ocrx_word' id='word_1_356' title='bbox 2168 3130 2295 3175; x_wconf 90' lang='lat' dir='ltr'><strong>non</strong></span> <span class='ocrx_word' id='word_1_357' title='bbox 2406 3108 2564 3171; x_wconf 90' lang='lat' dir='ltr'><strong>cinit</strong></span> <span class='ocrx_word' id='word_1_358' title='bbox 2623 3107 2835 3187; x_wconf 78' lang='lat' dir='ltr'><strong>isaias,</strong></span> <span class='ocrx_word' id='word_1_359' title='bbox 2896 3106 3143 3169; x_wconf 87' lang='lat' dir='ltr'><strong>Paravit</strong></span> <span class='ocrx_word' id='word_1_360' title='bbox 3198 3106 3499 3170; x_wconf 89' lang='lat' dir='ltr'><strong>Dominus</strong></span> <span class='ocrx_word' id='word_1_361' title='bbox 3561 3108 3895 3171; x_wconf 87' lang='lat' dir='ltr'><strong>brachium</strong></span> <span class='ocrx_word' id='word_1_362' title='bbox 3926 3126 3995 3170; x_wconf 66' lang='grc' dir='ltr'><strong>ιε.</strong></span> <span class='ocrx_word' id='word_1_363' title='bbox 4028 3141 4095 3172; x_wconf 76' lang='lat' dir='ltr'><strong>m.</strong></span> <span class='ocrx_word' id='word_1_364' title='bbox 4128 3128 4183 3167; x_wconf 73' lang='lat' dir='ltr'><strong>m.</strong></span> 
     </span>
     <span class='ocr_line' id='line_1_28' title="bbox 798 3205 3893 3291; baseline 0 -24"><span class='ocrx_word' id='word_1_365' title='bbox 798 3206 1150 3288; x_wconf 86' lang='lat' dir='ltr'><strong>quantitate</strong></span> <span class='ocrx_word' id='word_1_366' title='bbox 1209 3226 1530 3289; x_wconf 90' lang='lat' dir='ltr'><strong>corporea,</strong></span> <span class='ocrx_word' id='word_1_367' title='bbox 1585 3208 1695 3269; x_wconf 88' lang='lat' dir='ltr'><strong>sed</strong></span> <span class='ocrx_word' id='word_1_368' title='bbox 1744 3208 2048 3289; x_wconf 87' lang='lat' dir='ltr'><strong>dignitate</strong></span> <span class='ocrx_word' id='word_1_369' title='bbox 2105 3218 2296 3291; x_wconf 90' lang='lat' dir='ltr'><strong>atque</strong></span> <span class='ocrx_word' id='word_1_370' title='bbox 2407 3214 2696 3268; x_wconf 87' lang='lat' dir='ltr'><strong>sanctum</strong></span> <span class='ocrx_word' id='word_1_371' title='bbox 2727 3224 2914 3267; x_wconf 90' lang='lat' dir='ltr'><strong>suum</strong></span> <span class='ocrx_word' id='word_1_372' title='bbox 2946 3206 3011 3267; x_wconf 92' lang='lat' dir='ltr'><strong>in</strong></span> <span class='ocrx_word' id='word_1_373' title='bbox 3043 3205 3245 3268; x_wconf 90' lang='lat' dir='ltr'><strong>oculis</strong></span> <span class='ocrx_word' id='word_1_374' title='bbox 3275 3205 3561 3269; x_wconf 90' lang='lat' dir='ltr'><strong>omnium</strong></span> <span class='ocrx_word' id='word_1_375' title='bbox 3589 3205 3893 3285; x_wconf 85' lang='lat' dir='ltr'><strong>gentium.</strong></span> 
     </span>
     <span class='ocr_line' id='line_1_29' title="bbox 799 3303 3899 3390; baseline -0.001 -21"><span class='ocrx_word' id='word_1_376' title='bbox 799 3305 1103 3387; x_wconf 88' lang='lat' dir='ltr'><strong>potentia,</strong></span> <span class='ocrx_word' id='word_1_377' title='bbox 1137 3305 1267 3369; x_wconf 90' lang='lat' dir='ltr'><strong>imo</strong></span> <span class='ocrx_word' id='word_1_378' title='bbox 1305 3314 1368 3368; x_wconf 92' lang='lat' dir='ltr'><strong>et</strong></span> <span class='ocrx_word' id='word_1_379' title='bbox 1406 3306 1580 3369; x_wconf 91' lang='lat' dir='ltr'><strong>omni</strong></span> <span class='ocrx_word' id='word_1_380' title='bbox 1622 3305 2012 3389; x_wconf 82' lang='lat' dir='ltr'><strong>perfectione</strong></span> <span class='ocrx_word' id='word_1_381' title='bbox 2055 3308 2299 3390; x_wconf 88' lang='lat' dir='ltr'><strong>simpli·</strong></span> <span class='ocrx_word' id='word_1_382' title='bbox 2408 3303 2581 3376; x_wconf 89' lang='lat' dir='ltr'><strong>Quod</strong></span> <span class='ocrx_word' id='word_1_383' title='bbox 2620 3321 2771 3366; x_wconf 86' lang='lat' dir='ltr'><strong>vero</strong></span> <span class='ocrx_word' id='word_1_384' title='bbox 2808 3303 3143 3384; x_wconf 90' lang='lat' dir='ltr'><strong>utriusque</strong></span> <span class='ocrx_word' id='word_1_385' title='bbox 3182 3303 3265 3366; x_wconf 90' lang='lat' dir='ltr'><strong>sit</strong></span> <span class='ocrx_word' id='word_1_386' title='bbox 3306 3322 3432 3365; x_wconf 86' lang='lat' dir='ltr'><strong>una</strong></span> <span class='ocrx_word' id='word_1_387' title='bbox 3472 3311 3745 3385; x_wconf 86' lang='lat' dir='ltr'><strong>potestas</strong></span> <span class='ocrx_word' id='word_1_388' title='bbox 3784 3324 3899 3367; x_wconf 89' lang='lat' dir='ltr'><strong>seu</strong></span> 
     </span>
     <span class='ocr_line' id='line_1_30' title="bbox 799 3401 3559 3487; baseline 0 -22"><span class='ocrx_word' id='word_1_389' title='bbox 799 3403 958 3465; x_wconf 90' lang='lat' dir='ltr'><strong>citer</strong></span> <span class='ocrx_word' id='word_1_390' title='bbox 996 3404 1184 3467; x_wconf 86' lang='lat' dir='ltr'><strong>dicta.</strong></span> <span class='ocrx_word' id='word_1_391' title='bbox 1219 3405 1287 3467; x_wconf 90' lang='lat' dir='ltr'><strong>In</strong></span> <span class='ocrx_word' id='word_1_392' title='bbox 1329 3404 1771 3487; x_wconf 89' lang='lat' dir='ltr'><strong>spiritualibus</strong></span> <span class='ocrx_word' id='word_1_393' title='bbox 1812 3424 2088 3487; x_wconf 90' lang='lat' dir='ltr'><strong>namque</strong></span> <span class='ocrx_word' id='word_1_394' title='bbox 2128 3406 2293 3469; x_wconf 92' lang='lat' dir='ltr'><strong>idem</strong></span> <span class='ocrx_word' id='word_1_395' title='bbox 2410 3402 2893 3485; x_wconf 87' lang='lat' dir='ltr'><strong>omnipotentia,</strong></span> <span class='ocrx_word' id='word_1_396' title='bbox 2938 3402 3161 3484; x_wconf 87' lang='lat' dir='ltr'><strong>pandit</strong></span> <span class='ocrx_word' id='word_1_397' title='bbox 3200 3401 3508 3483; x_wconf 85' lang='lat' dir='ltr'><strong>adjiciens</strong></span> <span class='ocrx_word' id='word_1_398' title='bbox 3544 3422 3559 3465; x_wconf 72' lang='grc' dir='ltr'>ε</span> 
     </span>
     <span class='ocr_line' id='line_1_31' title="bbox 801 3499 4107 3585; baseline 0 -21"><span class='ocrx_word' id='word_1_399' title='bbox 801 3509 896 3564; x_wconf 88' lang='lat' dir='ltr'><strong>est</strong></span> <span class='ocrx_word' id='word_1_400' title='bbox 953 3520 1090 3565; x_wconf 89' lang='lat' dir='ltr'><strong>esse</strong></span> <span class='ocrx_word' id='word_1_401' title='bbox 1149 3502 1376 3584; x_wconf 82' lang='lat' dir='ltr'><strong>majuS,</strong></span> <span class='ocrx_word' id='word_1_402' title='bbox 1430 3512 1493 3565; x_wconf 89' lang='lat' dir='ltr'><strong>et</strong></span> <span class='ocrx_word' id='word_1_403' title='bbox 1541 3521 1680 3565; x_wconf 91' lang='lat' dir='ltr'><strong>esse</strong></span> <span class='ocrx_word' id='word_1_404' title='bbox 1737 3505 1988 3579; x_wconf 77' lang='lat' dir='ltr'><strong>meliuS,</strong></span> <span class='ocrx_word' id='word_1_405' title='bbox 2043 3505 2297 3585; x_wconf 90' lang='lat' dir='ltr'><strong>dignius</strong></span> <span class='ocrx_word' id='word_1_406' title='bbox 2494 3504 2655 3577; x_wconf 72' lang='lat' dir='ltr'><strong>Eyo,</strong></span> <span class='ocrx_word' id='word_1_407' title='bbox 2693 3501 3046 3563; x_wconf 88' lang='lat' dir='ltr'><strong>secundum</strong></span> <span class='ocrx_word' id='word_1_408' title='bbox 3094 3508 3382 3562; x_wconf 86' lang='lat' dir='ltr'><strong>naturam</strong></span> <span class='ocrx_word' id='word_1_409' title='bbox 3430 3499 3642 3575; x_wconf 87' lang='lat' dir='ltr'><strong>Verbi,</strong></span> <span class='ocrx_word' id='word_1_410' title='bbox 3681 3512 3743 3563; x_wconf 79' lang='lat' dir='ltr'><strong>et</strong></span> <span class='ocrx_word' id='word_1_411' title='bbox 3769 3505 3904 3565; x_wconf 85' lang='lat' dir='ltr'><strong>Pa·</strong></span> <span class='ocrx_word' id='word_1_412' title='bbox 4038 3511 4107 3565; x_wconf 78' lang='lat'><strong>30</strong></span> 
     </span>
     <span class='ocr_line' id='line_1_32' title="bbox 803 3598 3905 3685; baseline 0.001 -23"><span class='ocrx_word' id='word_1_413' title='bbox 803 3600 938 3663; x_wconf 87' lang='lat' dir='ltr'><strong>sive</strong></span> <span class='ocrx_word' id='word_1_414' title='bbox 997 3602 1364 3683; x_wconf 85' lang='lat' dir='ltr'><strong>perfectius.</strong></span> <span class='ocrx_word' id='word_1_415' title='bbox 1429 3602 1605 3664; x_wconf 83' lang='lat' dir='ltr'><strong>Pater</strong></span> <span class='ocrx_word' id='word_1_416' title='bbox 1661 3620 1810 3683; x_wconf 86' lang='lat' dir='ltr'><strong>ergo</strong></span> <span class='ocrx_word' id='word_1_417' title='bbox 1867 3611 2070 3666; x_wconf 88' lang='lat' dir='ltr'><strong>totum</strong></span> <span class='ocrx_word' id='word_1_418' title='bbox 2126 3605 2298 3685; x_wconf 91' lang='lat' dir='ltr'><strong>quod</strong></span> <span class='ocrx_word' id='word_1_419' title='bbox 2414 3608 2529 3671; x_wconf 73' lang='lat' dir='ltr'><strong>ter,</strong></span> <span class='ocrx_word' id='word_1_420' title='bbox 2564 3620 2773 3660; x_wconf 79' lang='lat' dir='ltr'><strong>unum</strong></span> <span class='ocrx_word' id='word_1_421' title='bbox 2810 3619 3057 3666; x_wconf 80' lang='lat' dir='ltr'><strong>sumus,</strong></span> <span class='ocrx_word' id='word_1_422' title='bbox 3088 3598 3212 3661; x_wconf 84' lang='lat' dir='ltr'><strong>hoc</strong></span> <span class='ocrx_word' id='word_1_423' title='bbox 3260 3605 3355 3660; x_wconf 81' lang='lat' dir='ltr'><strong>est</strong></span> <span class='ocrx_word' id='word_1_424' title='bbox 3402 3598 3905 3663; x_wconf 83' lang='lat' dir='ltr'><strong>substantialiter</strong></span> 
     </span>
     <span class='ocr_line' id='line_1_33' title="bbox 805 3696 3902 3784; baseline 0.001 -23"><span class='ocrx_word' id='word_1_425' title='bbox 805 3699 1008 3773; x_wconf 90' lang='lat' dir='ltr'><strong>habet,</strong></span> <span class='ocrx_word' id='word_1_426' title='bbox 1029 3700 1187 3765; x_wconf 85' lang='lat' dir='ltr'><strong>Filio</strong></span> <span class='ocrx_word' id='word_1_427' title='bbox 1218 3700 1726 3778; x_wconf 86' lang='lat' dir='ltr'><strong>communicavit,</strong></span> <span class='ocrx_word' id='word_1_428' title='bbox 1745 3703 2095 3764; x_wconf 91' lang='lat' dir='ltr'><strong>secundum</strong></span> <span class='ocrx_word' id='word_1_429' title='bbox 2126 3704 2298 3784; x_wconf 89' lang='lat' dir='ltr'><strong>quod</strong></span> <span class='ocrx_word' id='word_1_430' title='bbox 2416 3698 2605 3773; x_wconf 90' lang='lat' dir='ltr'><strong>idem,</strong></span> <span class='ocrx_word' id='word_1_431' title='bbox 2659 3707 2722 3760; x_wconf 90' lang='lat' dir='ltr'><strong>et</strong></span> <span class='ocrx_word' id='word_1_432' title='bbox 2770 3697 2833 3759; x_wconf 91' lang='lat' dir='ltr'><strong>in</strong></span> <span class='ocrx_word' id='word_1_433' title='bbox 2888 3697 3174 3778; x_wconf 91' lang='lat' dir='ltr'><strong>personis</strong></span> <span class='ocrx_word' id='word_1_434' title='bbox 3233 3696 3537 3759; x_wconf 87' lang='lat' dir='ltr'><strong>distincti.</strong></span> <span class='ocrx_word' id='word_1_435' title='bbox 3599 3696 3902 3775; x_wconf 85' lang='lat' dir='ltr'><strong>Dicend0,</strong></span> 
     </span>
     <span class='ocr_line' id='line_1_34' title="bbox 512 3794 3909 3882; baseline 0.001 -24"><span class='ocrx_word' id='word_1_436' title='bbox 512 3815 777 3872; x_wconf 51' lang='lat' dir='ltr'><strong>Joagman,</strong></span> <span class='ocrx_word' id='word_1_437' title='bbox 809 3798 977 3861; x_wconf 80' lang='lat' dir='ltr'><strong>infra</strong></span> <span class='ocrx_word' id='word_1_438' title='bbox 1015 3798 1211 3862; x_wconf 85' lang='lat' dir='ltr'><strong>Filius</strong></span> <span class='ocrx_word' id='word_1_439' title='bbox 1253 3807 1637 3882; x_wconf 87' lang='lat' dir='ltr'><strong>protestatur</strong></span> <span class='ocrx_word' id='word_1_440' title='bbox 1671 3819 1684 3863; x_wconf 91' lang='lat'>:</span> <span class='ocrx_word' id='word_1_441' title='bbox 1720 3798 1942 3862; x_wconf 87' lang='lat' dir='ltr'><strong>Omnia</strong></span> <span class='ocrx_word' id='word_1_442' title='bbox 1983 3820 2304 3882; x_wconf 82' lang='lat' dir='ltr'><strong>quaecum-</strong></span> <span class='ocrx_word' id='word_1_443' title='bbox 2414 3796 2642 3871; x_wconf 90' lang='lat' dir='ltr'><strong>Unum,</strong></span> <span class='ocrx_word' id='word_1_444' title='bbox 2679 3802 2931 3859; x_wconf 87' lang='lat' dir='ltr'><strong>notatur</strong></span> <span class='ocrx_word' id='word_1_445' title='bbox 2968 3795 3258 3857; x_wconf 70' lang='lat' dir='ltr'><strong>essentiae</strong></span> <span class='ocrx_word' id='word_1_446' title='bbox 3296 3794 3504 3857; x_wconf 88' lang='lat' dir='ltr'><strong>unitas</strong></span> <span class='ocrx_word' id='word_1_447' title='bbox 3548 3796 3909 3860; x_wconf 76' lang='lat' dir='ltr'><strong>individua-</strong></span> 
     </span>
     <span class='ocr_line' id='line_1_35' title="bbox 516 3880 3911 3981; baseline 0 -22"><span class='ocrx_word' id='word_1_448' title='bbox 516 3880 582 3921; x_wconf 83' lang='lat'><strong>¹⁵·</strong></span> <span class='ocrx_word' id='word_1_449' title='bbox 808 3916 935 3978; x_wconf 89' lang='lat' dir='ltr'><strong>que</strong></span> <span class='ocrx_word' id='word_1_450' title='bbox 973 3897 1165 3960; x_wconf 90' lang='lat' dir='ltr'><strong>habet</strong></span> <span class='ocrx_word' id='word_1_451' title='bbox 1193 3898 1391 3973; x_wconf 90' lang='lat' dir='ltr'><strong>Pater,</strong></span> <span class='ocrx_word' id='word_1_452' title='bbox 1424 3916 1567 3960; x_wconf 90' lang='lat' dir='ltr'><strong>mea</strong></span> <span class='ocrx_word' id='word_1_453' title='bbox 1604 3905 1772 3960; x_wconf 91' lang='lat' dir='ltr'><strong>sunt.</strong></span> <span class='ocrx_word' id='word_1_454' title='bbox 1808 3897 2112 3981; x_wconf 90' lang='lat' dir='ltr'><strong>Superius</strong></span> <span class='ocrx_word' id='word_1_455' title='bbox 2154 3918 2305 3981; x_wconf 91' lang='lat' dir='ltr'><strong>quo·</strong></span> <span class='ocrx_word' id='word_1_456' title='bbox 2415 3894 2516 3969; x_wconf 87' lang='lat' dir='ltr'><strong>lis,</strong></span> <span class='ocrx_word' id='word_1_457' title='bbox 2552 3913 2677 3958; x_wconf 91' lang='lat' dir='ltr'><strong>non</strong></span> <span class='ocrx_word' id='word_1_458' title='bbox 2716 3893 3009 3975; x_wconf 87' lang='lat' dir='ltr'><strong>generica</strong></span> <span class='ocrx_word' id='word_1_459' title='bbox 3048 3893 3184 3955; x_wconf 88' lang='lat' dir='ltr'><strong>sive</strong></span> <span class='ocrx_word' id='word_1_460' title='bbox 3223 3892 3543 3975; x_wconf 88' lang='lat' dir='ltr'><strong>specifica,</strong></span> <span class='ocrx_word' id='word_1_461' title='bbox 3578 3897 3687 3957; x_wconf 90' lang='lat' dir='ltr'><strong>sed</strong></span> <span class='ocrx_word' id='word_1_462' title='bbox 3732 3915 3911 3959; x_wconf 90' lang='lat' dir='ltr'><strong>mera</strong></span> 
     </span>
     <span class='ocr_line' id='line_1_36' title="bbox 561 3990 3909 4078; baseline 0.001 -23"><span class='ocrx_word' id='word_1_463' title='bbox 561 4012 608 4055; x_wconf 76' lang='grc' dir='ltr'><strong>ιιι</strong></span> <span class='ocrx_word' id='word_1_464' title='bbox 626 4010 786 4065; x_wconf 59' lang='grc' dir='ltr'><strong>πωπω,</strong></span> <span class='ocrx_word' id='word_1_465' title='bbox 809 4014 936 4077; x_wconf 87' lang='lat' dir='ltr'><strong>que</strong></span> <span class='ocrx_word' id='word_1_466' title='bbox 984 3996 1138 4070; x_wconf 87' lang='lat' dir='ltr'><strong>dixi,</strong></span> <span class='ocrx_word' id='word_1_467' title='bbox 1191 3998 1362 4078; x_wconf 91' lang='lat' dir='ltr'><strong>quod</strong></span> <span class='ocrx_word' id='word_1_468' title='bbox 1412 3997 1574 4059; x_wconf 90' lang='lat' dir='ltr'><strong>Deus</strong></span> <span class='ocrx_word' id='word_1_469' title='bbox 1632 3997 1810 4059; x_wconf 87' lang='lat' dir='ltr'><strong>Pater</strong></span> <span class='ocrx_word' id='word_1_470' title='bbox 1869 4016 1982 4059; x_wconf 92' lang='lat' dir='ltr'><strong>seu</strong></span> <span class='ocrx_word' id='word_1_471' title='bbox 2032 3997 2304 4060; x_wconf 86' lang='lat' dir='ltr'><strong>Trinitas</strong></span> <span class='ocrx_word' id='word_1_472' title='bbox 2416 4001 2656 4056; x_wconf 83' lang='lat' dir='ltr'><strong>naturae</strong></span> <span class='ocrx_word' id='word_1_473' title='bbox 2715 3992 3031 4055; x_wconf 89' lang='lat' dir='ltr'><strong>identitas.</strong></span> <span class='ocrx_word' id='word_1_474' title='bbox 3092 3990 3207 4053; x_wconf 89' lang='lat' dir='ltr'><strong>Per</strong></span> <span class='ocrx_word' id='word_1_475' title='bbox 3263 3993 3433 4073; x_wconf 88' lang='lat' dir='ltr'><strong>quod</strong></span> <span class='ocrx_word' id='word_1_476' title='bbox 3494 3992 3909 4059; x_wconf 81' lang='lat' dir='ltr'><strong>confunditur</strong></span> 
     </span>
    </p>

    <p class='ocr_par' dir='ltr' id='par_1_6' title="bbox 515 4076 3909 4174">
     <span class='ocr_line' id='line_1_37' title="bbox 515 4076 3909 4174; baseline 0 -18"><span class='ocrx_word' id='word_1_477' title='bbox 515 4087 574 4125; x_wconf 81' lang='lat'><strong>¹¹¹¹</strong></span> <span class='ocrx_word' id='word_1_478' title='bbox 593 4076 660 4117; x_wconf 76' lang='lat'><strong>³⁵·</strong></span> <span class='ocrx_word' id='word_1_479' title='bbox 811 4094 1018 4174; x_wconf 90' lang='lat' dir='ltr'><strong>majus</strong></span> <span class='ocrx_word' id='word_1_480' title='bbox 1046 4093 1289 4157; x_wconf 89' lang='lat' dir='ltr'><strong>bonum</strong></span> <span class='ocrx_word' id='word_1_481' title='bbox 1320 4094 1494 4157; x_wconf 87' lang='lat' dir='ltr'><strong>dedit</strong></span> <span class='ocrx_word' id='word_1_482' title='bbox 1522 4094 1789 4169; x_wconf 84' lang='lat' dir='ltr'><strong>Christe,</strong></span> <span class='ocrx_word' id='word_1_483' title='bbox 1815 4095 2168 4158; x_wconf 89' lang='lat' dir='ltr'><strong>secundum</strong></span> <span class='ocrx_word' id='word_1_484' title='bbox 2201 4115 2309 4158; x_wconf 93' lang='lat' dir='ltr'><strong>na-</strong></span> <span class='ocrx_word' id='word_1_485' title='bbox 2418 4092 2674 4155; x_wconf 83' lang='lat' dir='ltr'><strong>haeresis</strong></span> <span class='ocrx_word' id='word_1_486' title='bbox 2705 4091 3103 4163; x_wconf 87' lang='lat' dir='ltr'><strong>Arianorum,</strong></span> <span class='ocrx_word' id='word_1_487' title='bbox 3129 4090 3476 4152; x_wconf 88' lang='lat' dir='ltr'><strong>dicentium</strong></span> <span class='ocrx_word' id='word_1_488' title='bbox 3506 4090 3739 4154; x_wconf 85' lang='lat' dir='ltr'><strong>Filium</strong></span> <span class='ocrx_word' id='word_1_489' title='bbox 3769 4112 3909 4157; x_wconf 88' lang='lat' dir='ltr'><strong>esse</strong></span> 
     </span>
    </p>

    <p class='ocr_par' dir='ltr' id='par_1_7' title="bbox 813 4188 3909 4275">
     <span class='ocr_line' id='line_1_38' title="bbox 813 4188 3909 4275; baseline 0.001 -22"><span class='ocrx_word' id='word_1_490' title='bbox 813 4200 1020 4254; x_wconf 88' lang='lat' dir='ltr'><strong>turam</strong></span> <span class='ocrx_word' id='word_1_491' title='bbox 1079 4200 1494 4275; x_wconf 88' lang='lat' dir='ltr'><strong>assumptam,</strong></span> <span class='ocrx_word' id='word_1_492' title='bbox 1556 4210 1749 4274; x_wconf 87' lang='lat' dir='ltr'><strong>quam</strong></span> <span class='ocrx_word' id='word_1_493' title='bbox 1807 4193 1918 4257; x_wconf 92' lang='lat' dir='ltr'><strong>toti</strong></span> <span class='ocrx_word' id='word_1_494' title='bbox 1981 4194 2303 4269; x_wconf 85' lang='lat' dir='ltr'><strong>universe,</strong></span> <span class='ocrx_word' id='word_1_495' title='bbox 2339 4198 2388 4260; x_wconf 90' lang='lat' dir='ltr'>D</span> <span class='ocrx_word' id='word_1_496' title='bbox 2420 4211 2643 4275; x_wconf 89' lang='lat' dir='ltr'><strong>puram</strong></span> <span class='ocrx_word' id='word_1_497' title='bbox 2686 4199 3061 4263; x_wconf 87' lang='lat' dir='ltr'><strong>ereaturam,</strong></span> <span class='ocrx_word' id='word_1_498' title='bbox 3096 4196 3158 4251; x_wconf 91' lang='lat' dir='ltr'><strong>et</strong></span> <span class='ocrx_word' id='word_1_499' title='bbox 3196 4188 3697 4253; x_wconf 86' lang='lat' dir='ltr'><strong>substantialiter</strong></span> <span class='ocrx_word' id='word_1_500' title='bbox 3734 4212 3771 4254; x_wconf 88' lang='lat' dir='ltr'><strong>a</strong></span> <span class='ocrx_word' id='word_1_501' title='bbox 3800 4192 3909 4255; x_wconf 90' lang='lat' dir='ltr'><strong>Pa-</strong></span> 
     </span>
    </p>

    <p class='ocr_par' dir='ltr' id='par_1_8' title="bbox 815 4287 3905 4374">
     <span class='ocr_line' id='line_1_39' title="bbox 815 4287 3905 4374; baseline -0 -22"><span class='ocrx_word' id='word_1_502' title='bbox 815 4290 1110 4353; x_wconf 87' lang='lat' dir='ltr'><strong>videlicet</strong></span> <span class='ocrx_word' id='word_1_503' title='bbox 1167 4308 1304 4353; x_wconf 89' lang='lat' dir='ltr'><strong>esse</strong></span> <span class='ocrx_word' id='word_1_504' title='bbox 1362 4291 1615 4353; x_wconf 90' lang='lat' dir='ltr'><strong>unitum</strong></span> <span class='ocrx_word' id='word_1_505' title='bbox 1662 4291 1867 4355; x_wconf 92' lang='lat' dir='ltr'><strong>Verbo</strong></span> <span class='ocrx_word' id='word_1_506' title='bbox 1919 4291 2310 4374; x_wconf 80' lang='lat' dir='ltr'><strong>hypostatica</strong></span> <span class='ocrx_word' id='word_1_507' title='bbox 2416 4298 2513 4354; x_wconf 87' lang='lat' dir='ltr'><strong>tre</strong></span> <span class='ocrx_word' id='word_1_508' title='bbox 2568 4290 2960 4353; x_wconf 88' lang='lat' dir='ltr'><strong>distinctum.</strong></span> <span class='ocrx_word' id='word_1_509' title='bbox 3022 4288 3299 4351; x_wconf 90' lang='lat' dir='ltr'><strong>Dicendo</strong></span> <span class='ocrx_word' id='word_1_510' title='bbox 3354 4295 3586 4362; x_wconf 87' lang='lat' dir='ltr'><strong>autem,</strong></span> <span class='ocrx_word' id='word_1_511' title='bbox 3648 4287 3905 4359; x_wconf 76' lang='lat' dir='ltr'><strong>Sumus,</strong></span> 
     </span>
    </p>

    <p class='ocr_par' dir='ltr' id='par_1_9' title="bbox 816 4387 3907 4470">
     <span class='ocr_line' id='line_1_40' title="bbox 816 4387 3907 4470; baseline 0 -20"><span class='ocrx_word' id='word_1_512' title='bbox 816 4389 1074 4463; x_wconf 92' lang='lat' dir='ltr'><strong>unione,</strong></span> <span class='ocrx_word' id='word_1_513' title='bbox 1107 4396 1175 4451; x_wconf 86' lang='lat' dir='ltr'><strong>et</strong></span> <span class='ocrx_word' id='word_1_514' title='bbox 1215 4396 1452 4451; x_wconf 90' lang='lat' dir='ltr'><strong>tantam</strong></span> <span class='ocrx_word' id='word_1_515' title='bbox 1504 4389 1738 4452; x_wconf 90' lang='lat' dir='ltr'><strong>habere</strong></span> <span class='ocrx_word' id='word_1_516' title='bbox 1783 4390 2048 4470; x_wconf 88' lang='lat' dir='ltr'><strong>gratiam</strong></span> <span class='ocrx_word' id='word_1_517' title='bbox 2101 4399 2165 4453; x_wconf 88' lang='lat' dir='ltr'><strong>et</strong></span> <span class='ocrx_word' id='word_1_518' title='bbox 2208 4410 2308 4453; x_wconf 92' lang='lat' dir='ltr'><strong>ca-</strong></span> <span class='ocrx_word' id='word_1_519' title='bbox 2418 4390 2701 4452; x_wconf 91' lang='lat' dir='ltr'><strong>insinuat</strong></span> <span class='ocrx_word' id='word_1_520' title='bbox 2739 4388 3211 4451; x_wconf 89' lang='lat' dir='ltr'><strong>distinctionem</strong></span> <span class='ocrx_word' id='word_1_521' title='bbox 3252 4405 3559 4469; x_wconf 82' lang='lat' dir='ltr'><strong>personae.</strong></span> <span class='ocrx_word' id='word_1_522' title='bbox 3592 4387 3709 4449; x_wconf 89' lang='lat' dir='ltr'><strong>Per</strong></span> <span class='ocrx_word' id='word_1_523' title='bbox 3736 4390 3907 4469; x_wconf 88' lang='lat' dir='ltr'><strong>quod</strong></span> 
     </span>
    </p>

    <p class='ocr_par' dir='ltr' id='par_1_10' title="bbox 817 4485 3909 4570">
     <span class='ocr_line' id='line_1_41' title="bbox 817 4485 3909 4570; baseline 0 -21"><span class='ocrx_word' id='word_1_524' title='bbox 817 4488 1066 4550; x_wconf 85' lang='lat' dir='ltr'><strong>ritatem</strong></span> <span class='ocrx_word' id='word_1_525' title='bbox 1115 4495 1178 4549; x_wconf 90' lang='lat' dir='ltr'><strong>et</strong></span> <span class='ocrx_word' id='word_1_526' title='bbox 1224 4487 1618 4561; x_wconf 87' lang='lat' dir='ltr'><strong>fruitionem,</strong></span> <span class='ocrx_word' id='word_1_527' title='bbox 1669 4490 1835 4569; x_wconf 89' lang='lat' dir='ltr'><strong>quod</strong></span> <span class='ocrx_word' id='word_1_528' title='bbox 1887 4488 2088 4569; x_wconf 90' lang='lat' dir='ltr'><strong>maj0r</strong></span> <span class='ocrx_word' id='word_1_529' title='bbox 2135 4508 2309 4553; x_wconf 88' lang='lat' dir='ltr'><strong>crea·</strong></span> <span class='ocrx_word' id='word_1_530' title='bbox 2370 4522 2373 4525; x_wconf 39' lang='lat'><strong>⁴</strong></span> <span class='ocrx_word' id='word_1_531' title='bbox 2419 4488 2795 4570; x_wconf 90' lang='lat' dir='ltr'><strong>reprobatur</strong></span> <span class='ocrx_word' id='word_1_532' title='bbox 2849 4485 3204 4549; x_wconf 87' lang='lat' dir='ltr'><strong>Sabelliana</strong></span> <span class='ocrx_word' id='word_1_533' title='bbox 3260 4485 3627 4566; x_wconf 77' lang='lat' dir='ltr'><strong>loquacitaS,</strong></span> <span class='ocrx_word' id='word_1_534' title='bbox 3691 4487 3909 4549; x_wconf 90' lang='lat' dir='ltr'><strong>dicens</strong></span> 
     </span>
    </p>

    <p class='ocr_par' dir='ltr' id='par_1_11' title="bbox 815 4582 3911 4669">
     <span class='ocr_line' id='line_1_42' title="bbox 815 4582 3911 4669; baseline -0.001 -20"><span class='ocrx_word' id='word_1_535' title='bbox 815 4594 973 4649; x_wconf 85' lang='lat' dir='ltr'><strong>turae</strong></span> <span class='ocrx_word' id='word_1_536' title='bbox 1031 4586 1486 4650; x_wconf 88' lang='lat' dir='ltr'><strong>communicari</strong></span> <span class='ocrx_word' id='word_1_537' title='bbox 1539 4606 1664 4650; x_wconf 92' lang='lat' dir='ltr'><strong>non</strong></span> <span class='ocrx_word' id='word_1_538' title='bbox 1716 4594 1941 4669; x_wconf 89' lang='lat' dir='ltr'><strong>potest.</strong></span> <span class='ocrx_word' id='word_1_539' title='bbox 1992 4587 2173 4651; x_wconf 93' lang='lat' dir='ltr'><strong>Nunc</strong></span> <span class='ocrx_word' id='word_1_540' title='bbox 2219 4596 2309 4650; x_wconf 88' lang='lat' dir='ltr'><strong>ta-</strong></span> <span class='ocrx_word' id='word_1_541' title='bbox 2418 4588 2702 4649; x_wconf 89' lang='lat' dir='ltr'><strong>eamdem</strong></span> <span class='ocrx_word' id='word_1_542' title='bbox 2745 4603 2883 4647; x_wconf 89' lang='lat' dir='ltr'><strong>esse</strong></span> <span class='ocrx_word' id='word_1_543' title='bbox 2922 4602 3255 4665; x_wconf 87' lang='lat' dir='ltr'><strong>personam</strong></span> <span class='ocrx_word' id='word_1_544' title='bbox 3296 4582 3491 4645; x_wconf 89' lang='lat' dir='ltr'><strong>Patris</strong></span> <span class='ocrx_word' id='word_1_545' title='bbox 3528 4602 3603 4645; x_wconf 91' lang='lat' dir='ltr'><strong>ac</strong></span> <span class='ocrx_word' id='word_1_546' title='bbox 3638 4583 3805 4659; x_wconf 85' lang='lat' dir='ltr'><strong>Filii,</strong></span> <span class='ocrx_word' id='word_1_547' title='bbox 3840 4592 3911 4647; x_wconf 90' lang='lat' dir='ltr'><strong>ut</strong></span> 
     </span>
    </p>

    <p class='ocr_par' dir='ltr' id='par_1_12' title="bbox 816 4681 3908 4765">
     <span class='ocr_line' id='line_1_43' title="bbox 816 4681 3908 4765; baseline -0.001 -17"><span class='ocrx_word' id='word_1_548' title='bbox 816 4704 964 4748; x_wconf 90' lang='lat' dir='ltr'><strong>men</strong></span> <span class='ocrx_word' id='word_1_549' title='bbox 1023 4692 1119 4747; x_wconf 88' lang='lat' dir='ltr'><strong>est</strong></span> <span class='ocrx_word' id='word_1_550' title='bbox 1177 4703 1386 4748; x_wconf 88' lang='lat' dir='ltr'><strong>sermo</strong></span> <span class='ocrx_word' id='word_1_551' title='bbox 1443 4686 1521 4747; x_wconf 90' lang='lat' dir='ltr'><strong>de</strong></span> <span class='ocrx_word' id='word_1_552' title='bbox 1580 4685 1832 4748; x_wconf 86' lang='lat' dir='ltr'><strong>datione</strong></span> <span class='ocrx_word' id='word_1_553' title='bbox 1879 4687 2306 4765; x_wconf 90' lang='lat' dir='ltr'><strong>generationis</strong></span> <span class='ocrx_word' id='word_1_554' title='bbox 2417 4686 2580 4747; x_wconf 90' lang='lat' dir='ltr'><strong>Deus</strong></span> <span class='ocrx_word' id='word_1_555' title='bbox 2620 4684 2866 4746; x_wconf 87' lang='lat' dir='ltr'><strong>dicatur</strong></span> <span class='ocrx_word' id='word_1_556' title='bbox 2897 4683 3091 4757; x_wconf 88' lang='lat' dir='ltr'><strong>Pater,</strong></span> <span class='ocrx_word' id='word_1_557' title='bbox 3128 4681 3368 4744; x_wconf 88' lang='lat' dir='ltr'><strong>ratione</strong></span> <span class='ocrx_word' id='word_1_558' title='bbox 3406 4682 3764 4756; x_wconf 80' lang='lat' dir='ltr'><strong>creationiS,</strong></span> <span class='ocrx_word' id='word_1_559' title='bbox 3812 4682 3908 4745; x_wconf 80' lang='lat' dir='ltr'><strong>Fi-</strong></span> 
     </span>
    </p>

    <p class='ocr_par' dir='ltr' id='par_1_13' title="bbox 815 4779 3905 4865">
     <span class='ocr_line' id='line_1_44' title="bbox 815 4779 3905 4865; baseline -0.002 -17"><span class='ocrx_word' id='word_1_560' title='bbox 815 4792 1086 4857; x_wconf 82' lang='lat' dir='ltr'><strong>aeternae,</strong></span> <span class='ocrx_word' id='word_1_561' title='bbox 1152 4790 1344 4865; x_wconf 88' lang='lat' dir='ltr'><strong>atque</strong></span> <span class='ocrx_word' id='word_1_562' title='bbox 1395 4783 1629 4847; x_wconf 82' lang='lat' dir='ltr'><strong>divinae</strong></span> <span class='ocrx_word' id='word_1_563' title='bbox 1681 4784 1971 4847; x_wconf 83' lang='lat' dir='ltr'><strong>essentiae</strong></span> <span class='ocrx_word' id='word_1_564' title='bbox 2024 4803 2310 4848; x_wconf 85' lang='lat' dir='ltr'><strong>commu·</strong></span> <span class='ocrx_word' id='word_1_565' title='bbox 2417 4784 2564 4858; x_wconf 91' lang='lat' dir='ltr'><strong>lius,</strong></span> <span class='ocrx_word' id='word_1_566' title='bbox 2617 4782 2859 4845; x_wconf 86' lang='lat' dir='ltr'><strong>ratione</strong></span> <span class='ocrx_word' id='word_1_567' title='bbox 2907 4780 3379 4853; x_wconf 82' lang='lat' dir='ltr'><strong>incarnationiS‚</strong></span> <span class='ocrx_word' id='word_1_568' title='bbox 3432 4779 3705 4862; x_wconf 91' lang='lat' dir='ltr'><strong>Spiritus</strong></span> <span class='ocrx_word' id='word_1_569' title='bbox 3752 4780 3905 4843; x_wconf 88' lang='lat' dir='ltr'><strong>San-</strong></span> 
     </span>
    </p>
   </div>
   <div class='ocr_carea' id='block_1_5' title="bbox 699 4878 4083 5156">
    <p class='ocr_par' dir='ltr' id='par_1_14' title="bbox 699 4878 4083 5156">
     <span class='ocr_line' id='line_1_45' title="bbox 699 4878 3905 4961; baseline -0.001 -16"><span class='ocrx_word' id='word_1_570' title='bbox 699 4896 711 4903; x_wconf 78' lang='grc'><em>·</em></span> <span class='ocrx_word' id='word_1_571' title='bbox 815 4882 1152 4946; x_wconf 90' lang='lat' dir='ltr'><strong>nicatione.</strong></span> <span class='ocrx_word' id='word_1_572' title='bbox 2417 4891 2577 4955; x_wconf 80' lang='lat' dir='ltr'><strong>ctuS,</strong></span> <span class='ocrx_word' id='word_1_573' title='bbox 2612 4880 2852 4944; x_wconf 89' lang='lat' dir='ltr'><strong>ratione</strong></span> <span class='ocrx_word' id='word_1_574' title='bbox 2882 4878 3424 4953; x_wconf 81' lang='lat' dir='ltr'><strong>sanctificationiS,</strong></span> <span class='ocrx_word' id='word_1_575' title='bbox 3446 4878 3597 4960; x_wconf 87' lang='lat' dir='ltr'><strong>quia</strong></span> <span class='ocrx_word' id='word_1_576' title='bbox 3628 4897 3743 4960; x_wconf 88' lang='lat' dir='ltr'><strong>per</strong></span> <span class='ocrx_word' id='word_1_577' title='bbox 3768 4898 3905 4961; x_wconf 85' lang='lat' dir='ltr'><strong>gra-</strong></span> 
     </span>
     <span class='ocr_line' id='line_1_46' title="bbox 906 4978 3782 5060; baseline -0.002 -17"><span class='ocrx_word' id='word_1_578' title='bbox 906 4984 992 5043; x_wconf 77' lang='lat' dir='ltr'><strong>Et</strong></span> <span class='ocrx_word' id='word_1_579' title='bbox 1039 5001 1222 5043; x_wconf 81' lang='lat' dir='ltr'><strong>nemo</strong></span> <span class='ocrx_word' id='word_1_580' title='bbox 1262 4990 1467 5060; x_wconf 79' lang='lat' dir='ltr'><strong>potest</strong></span> <span class='ocrx_word' id='word_1_581' title='bbox 1513 5000 1758 5057; x_wconf 80' lang='lat' dir='ltr'><strong>rapere,</strong></span> <span class='ocrx_word' id='word_1_582' title='bbox 1810 4980 1874 5042; x_wconf 92' lang='lat' dir='ltr'><strong>id</strong></span> <span class='ocrx_word' id='word_1_583' title='bbox 1923 4989 2038 5055; x_wconf 90' lang='lat' dir='ltr'><strong>est,</strong></span> <span class='ocrx_word' id='word_1_584' title='bbox 2091 4981 2307 5044; x_wconf 91' lang='lat' dir='ltr'><strong>nullus</strong></span> <span class='ocrx_word' id='word_1_585' title='bbox 2415 4982 2567 5044; x_wconf 86' lang='lat' dir='ltr'><strong>tiam</strong></span> <span class='ocrx_word' id='word_1_586' title='bbox 2608 4978 2962 5042; x_wconf 82' lang='lat' dir='ltr'><strong>sanctificat</strong></span> <span class='ocrx_word' id='word_1_587' title='bbox 3002 4978 3369 5041; x_wconf 88' lang='lat' dir='ltr'><strong>rationalem</strong></span> <span class='ocrx_word' id='word_1_588' title='bbox 3410 4984 3782 5039; x_wconf 84' lang='lat' dir='ltr'><strong>creaturam.</strong></span> 
     </span>
     <span class='ocr_line' id='line_1_47' title="bbox 817 5077 4083 5156; baseline -0.002 -16"><span class='ocrx_word' id='word_1_589' title='bbox 817 5080 1214 5142; x_wconf 87' lang='lat' dir='ltr'><strong>adversarius</strong></span> <span class='ocrx_word' id='word_1_590' title='bbox 1265 5081 1432 5143; x_wconf 87' lang='lat' dir='ltr'><strong>valet</strong></span> <span class='ocrx_word' id='word_1_591' title='bbox 1476 5098 1626 5143; x_wconf 87' lang='lat' dir='ltr'><strong>oves</strong></span> <span class='ocrx_word' id='word_1_592' title='bbox 1674 5079 1985 5143; x_wconf 87' lang='lat' dir='ltr'><strong>violenter</strong></span> <span class='ocrx_word' id='word_1_593' title='bbox 2031 5079 2303 5156; x_wconf 80' lang='lat' dir='ltr'><strong>auferre,</strong></span> <span class='ocrx_word' id='word_1_594' title='bbox 2497 5079 2605 5141; x_wconf 86' lang='lat' dir='ltr'><strong>His</strong></span> <span class='ocrx_word' id='word_1_595' title='bbox 2654 5078 2907 5151; x_wconf 82' lang='lat' dir='ltr'><strong>auditiS,</strong></span> <span class='ocrx_word' id='word_1_596' title='bbox 2950 5081 3351 5139; x_wconf 78' lang='lat' dir='ltr'><strong>sustulerunt</strong></span> <span class='ocrx_word' id='word_1_597' title='bbox 3398 5077 3645 5153; x_wconf 78' lang='lat' dir='ltr'><strong>lapides</strong></span> <span class='ocrx_word' id='word_1_598' title='bbox 3689 5078 3904 5137; x_wconf 74' lang='lat' dir='ltr'><strong>Judoei</strong></span> <span class='ocrx_word' id='word_1_599' title='bbox 4020 5088 4083 5143; x_wconf 79' lang='lat'><strong>31</strong></span> 
     </span>
    </p>
   </div>
   <div class='ocr_carea' id='block_1_6' title="bbox 524 5174 3901 5359">
    <p class='ocr_par' dir='ltr' id='par_1_15' title="bbox 524 5174 3901 5359">
     <span class='ocr_line' id='line_1_48' title="bbox 818 5174 3901 5260; baseline -0.001 -23"><span class='ocrx_word' id='word_1_600' title='bbox 818 5180 898 5237; x_wconf 86' lang='lat' dir='ltr'><strong>de</strong></span> <span class='ocrx_word' id='word_1_601' title='bbox 945 5198 1169 5246; x_wconf 82' lang='lat' dir='ltr'><strong>manu,</strong></span> <span class='ocrx_word' id='word_1_602' title='bbox 1219 5179 1282 5239; x_wconf 92' lang='lat' dir='ltr'><strong>id</strong></span> <span class='ocrx_word' id='word_1_603' title='bbox 1332 5186 1428 5241; x_wconf 88' lang='lat' dir='ltr'><strong>est</strong></span> <span class='ocrx_word' id='word_1_604' title='bbox 1477 5185 1805 5260; x_wconf 86' lang='lat' dir='ltr'><strong>potestate,</strong></span> <span class='ocrx_word' id='word_1_605' title='bbox 1848 5181 2073 5240; x_wconf 76' lang='lat' dir='ltr'><strong>Patris</strong></span> <span class='ocrx_word' id='word_1_606' title='bbox 2122 5180 2248 5239; x_wconf 80' lang='lat' dir='ltr'><strong>mei</strong></span> <span class='ocrx_word' id='word_1_607' title='bbox 2286 5201 2309 5240; x_wconf 90' lang='lat'><strong>.·</strong></span> <span class='ocrx_word' id='word_1_608' title='bbox 2418 5178 2664 5259; x_wconf 89' lang='lat' dir='ltr'><strong>lapidea</strong></span> <span class='ocrx_word' id='word_1_609' title='bbox 2734 5176 2922 5238; x_wconf 88' lang='lat' dir='ltr'><strong>corda</strong></span> <span class='ocrx_word' id='word_1_610' title='bbox 2994 5174 3319 5248; x_wconf 82' lang='lat' dir='ltr'><strong>habenteS,</strong></span> <span class='ocrx_word' id='word_1_611' title='bbox 3390 5182 3462 5237; x_wconf 78' lang='lat' dir='ltr'><strong>uc</strong></span> <span class='ocrx_word' id='word_1_612' title='bbox 3535 5176 3901 5252; x_wconf 72' lang='lat' dir='ltr'><strong>lapidarent</strong></span> 
     </span>
     <span class='ocr_line' id='line_1_49' title="bbox 524 5270 3897 5359; baseline -0.003 -18"><span class='ocrx_word' id='word_1_613' title='bbox 524 5298 793 5351; x_wconf 53' lang='lat' dir='ltr'><strong>Jooxxmaa.</strong></span> <span class='ocrx_word' id='word_1_614' title='bbox 821 5276 898 5337; x_wconf 90' lang='lat' dir='ltr'><strong>de</strong></span> <span class='ocrx_word' id='word_1_615' title='bbox 955 5294 1083 5357; x_wconf 88' lang='lat' dir='ltr'><strong>quo</strong></span> <span class='ocrx_word' id='word_1_616' title='bbox 1129 5275 1434 5359; x_wconf 87' lang='lat' dir='ltr'><strong>scriptum</strong></span> <span class='ocrx_word' id='word_1_617' title='bbox 1487 5283 1602 5351; x_wconf 91' lang='lat' dir='ltr'><strong>est,</strong></span> <span class='ocrx_word' id='word_1_618' title='bbox 1655 5276 2106 5358; x_wconf 89' lang='lat' dir='ltr'><strong>Cogitationem</strong></span> <span class='ocrx_word' id='word_1_619' title='bbox 2167 5276 2306 5357; x_wconf 86' lang='lat' dir='ltr'><strong>ejus</strong></span> <span class='ocrx_word' id='word_1_620' title='bbox 2412 5296 2561 5337; x_wconf 82' lang='lat' dir='ltr'><strong>eum</strong></span> <span class='ocrx_word' id='word_1_621' title='bbox 2609 5283 2912 5356; x_wconf 88' lang='lat' dir='ltr'><strong>tanquam</strong></span> <span class='ocrx_word' id='word_1_622' title='bbox 2954 5273 3423 5354; x_wconf 87' lang='lat' dir='ltr'><strong>blasphemum,</strong></span> <span class='ocrx_word' id='word_1_623' title='bbox 3457 5272 3760 5353; x_wconf 89' lang='lat' dir='ltr'><strong>quoniam</strong></span> <span class='ocrx_word' id='word_1_624' title='bbox 3802 5270 3897 5332; x_wconf 87' lang='lat' dir='ltr'><strong>lex</strong></span> 
     </span>
    </p>
   </div>
  </div>
 </body>
</html>
