4300 6259
143 2782 220 2836 28

59 3083 244 3134 Rom-x,
260 3085 330 3126 ¹0.

97 3476 264 3520 locun.

1109 534 1456 580 ENAnnArlo
1501 534 1562 579 ΙΝ
1603 533 1741 579 CAP.
1791 533 1873 578 XX
1916 532 2193 579 JoANMS.
2239 552 2319 562 --
2363 533 2502 580 Am.
2550 533 2735 581 vaul

357 704 623 764 clausis,
685 703 946 786 Propter
1007 705 1178 786 quod
1238 705 1398 766 dixit
1458 703 1856 777 ManichaeuS‚
1892 701 1944 764 A
1974 701 2193 766 Petrus
2242 705 2431 767 habet
2474 723 2486 766 :
2531 705 2597 766 ln
2636 725 2829 786 quem
2871 724 3043 767 nunc
3086 724 3211 769 non
3254 705 3471 769 viden·
3502 720 3697 771 nrm...
3742 755 3753 766 .

353 801 530 880 quod
565 783 759 862 siesus
809 801 1037 864 habuit
1081 821 1312 884 corpus
1363 802 1855 883 phantasticum,

355 916 483 960 non
541 900 877 962 attendens
935 899 1464 981 omnipotentiam
1522 899 1652 974 Dei,
1718 918 1860 981 quae

355 1003 566 1077 potest
598 1016 798 1058 unum
829 1016 1062 1079 corpus
1099 1015 1211 1079 per
1243 998 1414 1059 aliud
1445 998 1700 1072 ducere,
1733 1016 1861 1058 am-

351 1095 562 1159 bobus
595 1096 858 1176 integris
893 1097 1441 1178 permanentibus.
1473 1101 1552 1158 Ει
1581 1098 1755 1157 stetit
1783 1098 1858 1157 in

353 1199 568 1256 medio
600 1195 1089 1277 discipulorum,
1126 1205 1184 1256 et
1212 1198 1391 1257 dimit
1423 1217 1445 1255 .·
1476 1197 1627 1258 Pax
1657 1196 1853 1255 vobi-5.

352 1292 478 1354 Ista
502 1293 638 1374 jam
668 1294 865 1357 semel
895 1295 1182 1376 exposita
1216 1303 1387 1357 sunt.
1419 1297 1670 1355 Deinde
1695 1295 1860 1354 dicit

359 1393 638 1462 Thomna,
686 1392 1028 1455 ostendens
1077 1411 1146 1454 se
1195 1392 1388 1456 verba
1437 1392 1612 1454 illius
1666 1409 1858 1472 agno-

353 1507 532 1551 scere
567 1508 581 1551 :
610 1491 804 1567 Infer
827 1493 1116 1569 diyitum
1148 1500 1336 1552 tuum
1363 1495 1505 1559 huc,
1544 1491 1610 1552 in
1645 1489 1860 1553 locum

351 1589 684 1652 clavorum
732 1608 1040 1652 manuum
1084 1607 1393 1664 mearum,
1438 1598 1501 1651 et
1547 1589 1734 1671 palpa
1782 1589 1860 1649 fi-

352 1705 544 1750 xuras
592 1707 834 1763 earum,
867 1698 926 1748 ei
965 1691 1114 1750 vide
1153 1709 1388 1749 manus
1441 1709 1610 1749 meas
1658 1687 1854 1750 clavis

356 1785 730 1866 perforataS,
761 1797 822 1847 et
861 1793 1025 1865 affer
1063 1809 1336 1848 manum
1380 1797 1581 1858 tuam,
1617 1796 1675 1847 et
1711 1787 1859 1847 mic-

3355 517 3467 582 611

1972 809 2064 862 tes
2118 803 2397 865 creditis,
2443 803 2633 866 Actus
2684 803 2857 865 enim
2900 803 3052 866 fidei
3100 803 3467 866 meritorius

1972 907 2086 974 est,
2130 918 2206 963 eo
2243 903 2414 982 quod
2453 919 2529 962 ex
2576 902 2844 964 naturali
2898 903 3140 966 ratione
3183 921 3307 964 non
3364 902 3471 963 ha-

1968 997 2076 1060 bet
2129 1000 2599 1080 certitudinem,
2652 1001 2759 1062 sed
2819 1001 3051 1064 divinae
3111 999 3467 1062 auctoritati

1969 1095 2286 1171 innititur,
2331 1099 2433 1160 cui
2481 1098 2841 1161 intellectus
2892 1118 2959 1160 se
3009 1098 3307 1179 subjecit.
3352 1097 3468 1170 Qui

1969 1203 2181 1256 autem
2226 1195 2441 1257 Iesum
2499 1197 2684 1259 oculo
2743 1197 3055 1279 corporali
3116 1215 3241 1259 non
3294 1195 3471 1258 vide-

1971 1299 2138 1366 runt,
2176 1300 2237 1354 et
2273 1301 2484 1356 tamen
2527 1295 2817 1370 credunt,
2862 1294 3061 1375 magis
3104 1294 3471 1356 innituntur

1967 1391 2321 1454 auctoritati
2364 1392 2598 1455 divinae
2636 1400 2827 1473 atque
2866 1392 3235 1474 Scripturis,
3269 1410 3467 1472 quam

1969 1492 2081 1572 qui
2126 1492 2313 1555 oculo
2358 1492 2567 1554 carnis
2613 1510 2761 1554 eum
2814 1493 3028 1555 intuiti
3092 1499 3265 1554 sunt.
3321 1491 3467 1554 Ideo

1971 1597 2121 1650 sunt
2159 1609 2328 1652 nunc
2379 1591 2687 1654 beatiores
2736 1591 2802 1652 in
2843 1609 2978 1672 spe,
3023 1591 3249 1653 ceteris
3297 1589 3467 1672 pari-

1973 1687 2092 1750 bus
2137 1707 2150 1750 :
2193 1690 2364 1770 quod
2412 1689 2593 1764 add0‚
2640 1689 2792 1771 quia
2838 1709 2963 1752 non
3017 1696 3112 1751 est
3159 1689 3473 1751 arbitran-

1973 1787 2125 1848 dum
2172 1788 2345 1868 'quod
2393 1787 2626 1868 aliquis
2677 1793 2903 1869 praeter
2952 1787 3303 1869 ApostOIOS,
3356 1787 3468 1868 qui

358 1895 416 1945 ce
475 1887 548 1948 in
608 1890 778 1947 latus
836 1907 1070 1958 meum,
1123 1887 1438 1966 tangendo
1493 1892 1857 1967 aperturam
1898 1884 2291 1950 BChristum
2345 1905 2468 1948 non
2521 1886 2699 1960 vidit,
2742 1894 2803 1948 et
2854 1885 3145 1960 credidit,
3190 1885 3272 1947 sit
3320 1886 3473 1948 sim-

355 1982 568 2061 illius3
600 1994 661 2045 et
691 1987 832 2044 noli
865 2005 993 2044 esse
1031 1986 1440 2056 incredulm,
1474 1986 1585 2044 sed
1621 1984 1863 2059 fidelis,

356 2081 512 2162 quia
556 2082 770 2144 dixisti
823 2089 884 2143 te
933 2101 1058 2144 non
1120 2083 1538 2155 crediturum,
1595 2081 1716 2143 nisi
1771 2081 1864 2142 vi-

353 2180 524 2241 deris
573 2199 646 2242 ac
694 2181 976 2262 tetigeris
1028 2180 1164 2242 ista.
1209 2179 1370 2242 Ecce
1419 2187 1659 2262 quanta
1707 2177 1860 2241 fecit

355 2277 644 2342 Christus
675 2298 792 2361 pro
821 2280 1236 2342 conversione
1279 2279 1491 2353 uniuS,
1528 2297 1721 2360 quam
1754 2277 1857 2360 pie

355 2385 420 2438 et
473 2377 802 2440 caritative
861 2395 928 2439 se
986 2377 1198 2459 ipsum
1257 2377 1548 2438 exhibuit
1599 2375 1855 2438 Thomae

356 2475 741 2538 discredenti
777 2495 790 2538 :
827 2494 973 2538 nam
1014 2483 1078 2537 et
1114 2476 1166 2537 si
1209 2474 1478 2538 Thomas
1525 2474 1710 2556 plura
1754 2480 1863 2535 aut

357 2573 629 2637 certiora
683 2574 1164 2636 resurrectionis
1220 2581 1596 2654 argumenta
1660 2573 1858 2654 petis-

359 2679 477 2745 set,
525 2690 652 2734 non
696 2673 1067 2754 denegasset
1109 2672 1232 2753 ipsi
1277 2690 1350 2733 ea
1391 2671 1694 2735 Salvator.

439 2773 794 2848 Respondit
845 2774 1140 2840 ThomaS,
1181 2781 1240 2832 et
1279 2772 1457 2830 dimit
1498 2773 1560 2830 ei
1590 2791 1611 2828 .·
1641 2771 1862 2831 Domi-

359 2889 487 2930 nus
547 2890 722 2931 meus
768 2879 828 2930 ec
874 2873 1045 2930 Deus
1103 2889 1278 2930 meus
1335 2887 1403 2930 es
1463 2877 1552 2931 tu.
1607 2868 1674 2930 ln
1731 2884 1862 2948 quo

361 2967 758 3030 divinitatem
821 2967 1050 3031 Christi
1114 2964 1368 3029 fatetur.
1431 2965 1625 3029 Tanta
1686 2966 1859 3027 enim

1976 1984 2227 2066 pliciter
2257 1984 2497 2047 beatior
2526 1983 2784 2059 Thema,
2819 1984 3114 2068 quamvis
3148 1990 3462 2066 quantum

1973 2084 2049 2144 ad
2089 2083 2332 2164 aliquid
2376 2083 2433 2144 ei
2481 2083 2877 2164 praeferatur.

2058 2184 2271 2242 Multa
2310 2184 2569 2262 quidem
2604 2193 2664 2242 et
2704 2184 2840 2242 alia
2881 2184 3071 2259 siqua
3107 2183 3264 2259 fecit
3290 2186 3473 2244 Iesus

1974 2280 2048 2338 in
2089 2289 2419 2356 conspectu
2463 2281 2941 2357 discipulorum
2988 2301 3289 2350 suorum,
3330 2300 3474 2360 quoe

1975 2398 2103 2438 non
2145 2389 2299 2438 sunt
2340 2381 2576 2456 scripta
2620 2381 2693 2440 in
2739 2381 2901 2438 libro
2940 2381 3074 2440 hoc.
3119 2377 3247 2442 Hoc
3299 2378 3476 2440 intel·

1975 2475 2080 2556 ligi
2129 2483 2353 2557 potest,
2388 2483 2513 2538 tam
2553 2478 2630 2539 de
2670 2477 2868 2557 signis
2909 2475 3147 2558 quibus
3188 2476 3475 2540 Christus

1975 2592 2042 2634 se
2092 2575 2512 2637 resurrexisse
2574 2575 2887 2656 probavit,
2940 2593 3215 2656 quorum
3275 2575 3477 2636 multa

1973 2673 2189 2734 omisit
2213 2672 2497 2744 JoanneS,
2518 2681 2579 2735 et
2608 2674 2822 2754 aliqua
2851 2673 3107 2736 illorum
3138 2672 3247 2735 alii
3280 2672 3473 2736 Evan-

1971 2771 2211 2851 gelistae
2259 2771 2671 2853 scripserunt,
2714 2790 2907 2852 quam
2958 2771 3035 2832 de
3077 2770 3309 2832 ceteris
3356 2771 3476 2833 mi—

1975 2870 2204 2932 raculis
2242 2889 2387 2951 quae
2424 2878 2719 2952 operatus
2764 2877 2863 2932 est
2910 2877 3055 2932 ante
3108 2870 3473 2951 passionem

1972 2987 2183 3031 coram
2239 2968 2595 3051 discipuliS,
2648 2986 2924 3049 quorum
2991 2987 3193 3051 pauca
3252 2967 3477 3030 scribit

359 3065 679 3129 evidentia
718 3065 998 3129 veritatis
1039 3065 1392 3140 convictuS,
1428 3065 1620 3128 corde
1664 3064 1860 3127 credi·
1899 3067 1942 3130 C
1968 3067 2275 3147 loannes3
2307 3066 2412 3128 alii
2456 3072 2666 3127 autem
2706 3064 3124 3146 Evangelistae
3165 3065 3363 3128 multa
3402 3065 3477 3126 il-

360 3165 474 3239 dit,
517 3173 581 3227 et
619 3183 727 3228 ore
773 3163 1102 3228 confessus
1145 3175 1260 3238 est,
1305 3164 1478 3246 quod
1521 3163 1702 3226 Jesus
1755 3182 1861 3224 cu-

357 3265 464 3345 jus
513 3263 973 3327 humanitatem
1019 3263 1198 3336 vidit,
1233 3271 1400 3324 esset
1442 3280 1630 3324 verus
1671 3262 1856 3336 DeuS,

359 3361 900 3444 quemadmodum
957 3369 1103 3424 ante
1162 3360 1524 3443 passionem
1581 3360 1662 3422 ab
1719 3361 1861 3442 ipso

287 3491 332 3526 x,
361 3459 608 3523 audivit
640 3478 656 3522 ε
689 3459 818 3540 Ego
855 3467 918 3522 et
955 3458 1133 3522 Pater
1177 3479 1375 3521 unum
1422 3479 1666 3521 sumus.
1702 3459 1861 3522 Prae-

361 3567 554 3633 terea,
585 3578 666 3620 an
706 3557 975 3621 Thomas
1015 3558 1294 3638 tetigerit
1335 3557 1498 3618 latus
1530 3564 1593 3618 et
1630 3577 1856 3620 manus

361 3656 616 3730 Christi,
653 3675 735 3718 an
785 3674 864 3720 ex
915 3657 1270 3718 reverentia
1323 3656 1385 3717 id
1434 3656 1676 3731 omisit,
1727 3676 1855 3720 non

355 3764 452 3818 est
492 3763 760 3828 certum,
805 3773 924 3817 nec
973 3763 1179 3836 potest
1215 3773 1292 3817 ex
1331 3762 1507 3816 textu
1560 3756 1860 3836 praesenti

354 3852 765 3916 determinari
807 3873 822 3915 ε
869 3853 1038 3915 unde
1079 3852 1315 3916 diversi
1365 3855 1442 3916 de
1494 3855 1613 3918 hoc
1656 3854 1863 3916 diver-

359 3951 604 4014 simode
645 3951 1015 4033 opinantur.

440 4051 634 4109 Dioeit
671 4051 734 4108 ei
768 4053 950 4111 Iesus
988 4069 1011 4111 .·
1057 4051 1226 4117 Quia
1269 4051 1500 4111 vidisti
1543 4071 1667 4120 me,
1707 4053 1861 4112 le-

361 4169 495 4218 mu,
546 4147 748 4210 oculis
798 4147 1030 4226 carniS‚
1080 4157 1392 4228 quantum
1441 4149 1518 4210 ad
1569 4155 1860 4210 naturam

1972 3166 2178 3228 lorum
2238 3166 2607 3228 describunt
2665 3165 3013 3245 signorum.
3078 3163 3327 3245 Singuli
3386 3171 3477 3226 ta-

1973 3281 2118 3326 men
2165 3272 2225 3325 et
2266 3281 2487 3327 omnes
2536 3263 2751 3344 aliqua
2798 3263 3173 3336 omiserunt,
3216 3269 3345 3325 tam
3397 3263 3475 3324 de

1971 3361 2258 3424 doctrina
2293 3381 2487 3443 quam
2522 3362 2599 3423 de
2634 3361 2961 3423 miraculis
3003 3359 3367 3423 Salvatoris.
3404 3360 3474 3422 ln

1972 3479 2102 3542 quo
2152 3466 2320 3541 patet
2369 3459 2831 3522 insufficientia
2879 3459 3223 3541 Scripturas
3270 3458 3475 3522 Evan-

1970 3559 2338 3639 gelistarum
2400 3576 2513 3639 per
2568 3558 3108 3639 comparationem
3174 3557 3253 3620 ad
3312 3558 3471 3620 emi-

1972 3657 2253 3719 nentiam
2293 3674 2559 3738 operum
2601 3656 3259 3738 documentorumque
3294 3656 3473 3718 Chri-

1972 3756 2075 3830 sti,
2109 3775 2253 3836 quae
2279 3775 2315 3817 a
2345 3755 2522 3817 nullo
2559 3755 2923 3818 mortalium
2964 3754 3152 3837 plene
3196 3763 3464 3836 possunt

1972 3853 2268 3926 describi,
2315 3853 2665 3914 secundum
2710 3852 3019 3915 doctoreS.

2053 3954 2206 4012 Haec
2240 3961 2454 4011 autem
2491 3952 2944 4027 scripta.sunt,
2980 3960 3052 4012 ut
3080 3952 3357 4011 credatis
3400 3948 3472 4011 fi-

1969 4157 2058 4208 est
2100 4149 2388 4209 Christus
2434 4148 2643 4208 Filius
2684 4149 2804 4208 Dei
2858 4147 3159 4209 naturalis
3206 4166 3281 4208 ac
3332 4148 3474 4210 uni-

361 4263 570 4308 meam
630 4254 1044 4326 assumptam,
1105 4247 1444 4306 credidisti
1500 4248 1672 4328 quod
1731 4264 1856 4309 non
1892 4251 1940 4312 D
1972 4265 2106 4309 cus.
2161 4245 2275 4307 Per
2320 4246 2829 4327 supernaturalia
2884 4247 3057 4308 enim
3116 4264 3309 4328 opera
3358 4266 3475 4308 sua

363 4344 604 4420 vidisti,
665 4344 962 4430 videlicet
1017 4346 1188 4426 quod
1245 4345 1366 4407 sim
1424 4345 1609 4407 DeuS.
1672 4345 1858 4407 Aliud

359 4441 580 4524 itaque
625 4442 805 4517 vidit,
857 4451 920 4504 et
965 4443 1138 4505 aliud
1191 4443 1481 4506 credidit.
1531 4437 1701 4506 Vidit
1748 4444 1862 4506 ho-

359 4541 626 4616 minem,
669 4549 732 4603 et
774 4541 1043 4604 credidit
1085 4540 1305 4604 Deum.
1340 4545 1530 4603 Beati
1567 4544 1684 4622 qui
1721 4561 1852 4604 non

359 4640 694 4710 viderunt,
731 4649 791 4700 et
837 4639 1277 4700 crediderunt.
1330 4639 1459 4702 Hoc
1508 4639 1712 4721 aliqui
1761 4659 1862 4702 as-

359 4745 585 4800 serunt
619 4737 862 4800 dictum
893 4738 970 4801 de
1001 4737 1144 4800 aliis
1178 4737 1533 4819 discipulis.
1567 4738 1686 4801 Sed
1729 4757 1856 4802 non

357 4845 626 4918 apparet
659 4854 672 4898 :
709 4854 854 4898 nam
895 4834 1195 4916 discipuli
1245 4836 1357 4916 qui
1405 4837 1686 4910 aderant,
1728 4854 1864 4899 om-

361 4953 475 4996 nes
511 4935 644 5014 jam
676 4935 963 4997 viderant
993 4933 1335 4998 Christum.
1370 4934 1705 5017 Propterea
1735 4934 1860 4997 Au·

357 5033 654 5115 gustinus
711 5033 868 5096 dicit
924 5033 1044 5097 hoc
1103 5033 1344 5095 dictum
1402 5034 1480 5095 de
1539 5034 1724 5097 nobis
1787 5053 1863 5098 ac

361 5133 590 5195 ceteris
648 5132 762 5215 qui
821 5131 1248 5206 crediderunt,
1303 5133 1570 5194 credunt
1619 5141 1681 5194 et
1737 5151 1866 5196 cre-

364 5232 517 5294 dent
551 5230 618 5292 in
650 5231 968 5295 Christum
1011 5230 1140 5293 fide
1171 5230 1458 5305 formata,
1493 5249 1688 5314 quem
1739 5251 1864 5295 non

366 5329 668 5393 viderunt
714 5330 899 5393 oculo
947 5329 1282 5411 corporali,
1324 5330 1862 5410 quemadmodum

1971 4344 2245 4408 ostendit
2290 4343 2467 4406 Jesus
2518 4362 2586 4406 se
2642 4361 2780 4406 esse
2820 4343 3051 4407 Filium
3103 4345 3207 4406 Dei
3262 4363 3276 4406 ε
3331 4345 3473 4408 ideo

1969 4443 2120 4505 talia
2148 4443 2385 4525 scripta
2424 4451 2593 4518 sunt,
2630 4451 2697 4504 ut
2736 4443 2847 4524 qui
2889 4461 2961 4505 ea
2998 4462 3121 4506 non
3164 4443 3469 4516 vidimuS,

1969 4543 2285 4606 audiendo
2333 4560 2444 4603 seu
2492 4541 2755 4622 legendo
2800 4542 3131 4604 credamus
3172 4544 3344 4622 quod
3383 4541 3479 4604 Je-

1971 4659 2079 4702 sus
2110 4641 2194 4702 sit
2223 4639 2417 4701 Filius
2447 4639 2577 4701 Dei.
2611 4638 2822 4702 Potius
2863 4657 3121 4722 quoque
3156 4640 3247 4702 ait
3277 4639 3473 4703 Evan-

1967 4738 2213 4819 gelista,
2262 4737 2335 4800 Ut
2381 4736 2649 4800 credatis
2697 4736 2849 4819 quia
2894 4736 3073 4799 Jesus
3123 4747 3217 4800 est
3269 4737 3463 4800 Filius

1972 4836 2102 4908 Dei,
2134 4855 2349 4918 quam,
2385 4834 2581 4898 Filius
2612 4835 2909 4916 Virginis,
2951 4838 3253 4917 quoniam
3298 4837 3468 4918 prin-

1973 4935 2197 5016 cipalis
2237 4953 2349 4996 sua
2387 4933 2654 4997 intentio
2694 4934 2758 4994 in
2801 4933 3227 5015 descriptione
3272 4933 3467 5014 hujus

1974 5032 2307 5112 evangelii,
2349 5031 2473 5093 fuit
2518 5033 2848 5094 ostendere
2890 5031 3123 5095 Christi
3179 5033 3477 5095 divinita-

1973 5139 2102 5194 tem
2130 5137 2322 5212 atque
2360 5130 2641 5193 divinam
2674 5131 3169 5212 generationem,
3203 5131 3357 5213 quia
3390 5132 3468 5194 de

1977 5231 2205 5294 Christi
2236 5229 2629 5292 humanitate
2658 5237 2721 5295 et
2748 5231 3150 5311 generatione
3180 5230 3321 5311 ejus
3354 5249 3478 5292 ma-

1979 5339 2178 5404 terna,
2230 5329 2337 5391 alii
2389 5327 2799 5410 Evangelistae
2852 5329 3003 5392 satis
3054 5329 3473 5411 scripserunt.

1972 4050 2049 4111 de
2100 4067 2215 4130 per
2259 4048 2665 4110 dilectionem
2714 4055 3037 4129 operante,
3083 4052 3243 4129 quia
3290 4052 3472 4110 Jesus
3503 3963 3765 4124 aazfflm.
