4300 6259
95 1069 124 1112 ll
143 1069 252 1111 Tim.
271 1083 316 1118 u,

73 1134 138 1182 12;
167 1132 296 1174 Rom.

109 1207 132 1236 n
223 1225 236 1234 ι
353 1151 792 1232 regnabimus.
847 1153 979 1228 Vel,
1034 1154 1108 1217 Ut
1153 1155 1458 1235 gaudium
1519 1173 1731 1216 meum
1793 1153 1858 1214 in

71 1365 321 1413 Pmcxuxss.

71 1462 323 1512 ΙΙΕεὼἏΊιι,

70 2453 142 2496 1²2.
155 2465 242 2503 xvu,
259 2456 328 2496 ¹5.

83 2553 152 2596 Pe.
169 2567 240 2604 xv,

160 3519 228 3573 12

73 4915 360 4968 mattham,

77 4979 146 5030 3¹1,
165 4983 238 5025 38.

1085 488 1432 535 ΕΝΑΒΒΑΤῙΟ
1475 487 1537 534 ΙΝ
1579 487 1718 534 cAP.
1765 488 1846 532 XV
1889 486 2167 534 soles.
2212 507 2293 517 —
2334 488 2476 535 Aur.
2525 489 2737 534 xxxvl!

3343 472 3463 536 547

349 667 471 733 est,
515 660 937 742 spiritualiter
977 662 1302 743 gaudeatis
1348 661 1416 724 in
1462 662 1585 725 Deo
1632 680 1857 744 quem·
1886 661 1934 722 A
1968 671 2030 723 et
2073 660 2225 725 finis
2264 662 2569 743 diligendi
2615 664 2955 745 proximoS.
2990 664 3067 726 Et
3101 671 3260 727 teste
3297 664 3464 745 Apo-

349 760 700 822 admodum
741 779 876 842 ego,
911 761 1046 836 Vel,
1080 761 1156 824 Ut
1192 763 1495 842 gaudium
1538 780 1754 823 meum
1791 761 1855 822 in

355 856 541 920 vobis
585 859 688 933 sit,
731 859 796 921 id
839 868 954 934 est,
1001 859 1323 924 beatitudo
1367 869 1430 922 et
1469 860 1670 941 gloria
1718 878 1858 921 mea

355 955 542 1018 vobis
608 958 1118 1020 communicetur
1187 958 1252 1021 in
1324 960 1524 1040 patria
1589 977 1601 1020 :
1670 964 1858 1039 prout

351 1053 698 1133 Apostolus
757 1055 930 1130 dicit,
984 1054 1048 1117 Si
1099 1057 1544 1138 compatimur,
1596 1064 1658 1118 et
1714 1074 1863 1118 con-

355 1252 542 1314 vobis
594 1253 698 1327 sit,
754 1253 815 1314 id
865 1260 981 1328 est,
1037 1263 1107 1317 ut
1154 1272 1269 1334 ego
1319 1256 1396 1316 de
1446 1253 1626 1317 vobis
1677 1252 1859 1334 quasi

355 1350 438 1411 de
473 1350 664 1414 bonis
703 1351 860 1414 filiis
898 1352 1156 1432 glorier,
1191 1353 1344 1434 quia
1388 1351 1860 1433 beneplacitum

355 1455 455 1511 est
509 1448 780 1514 Domino
840 1451 904 1512 in
965 1451 1202 1533 populo
1259 1470 1395 1522 suo,
1449 1459 1510 1512 et
1555 1450 1860 1530 gaudium

355 1546 611 1610 Domini
651 1556 747 1610 est
783 1547 1090 1612 fortitudo
1121 1556 1348 1610 vestra.
1384 1547 1558 1620 Quod
1599 1567 1723 1610 non
1767 1553 1862 1608 est

354 1645 450 1707 sie
493 1646 1004 1727 intelligendum,
1039 1647 1222 1728 quasi
1261 1647 1564 1728 gaudium
1607 1645 1711 1707 Dei
1755 1652 1865 1706 aut

355 1743 591 1806 Christi
623 1762 701 1806 ex
733 1745 918 1808 nobis
959 1751 1302 1825 augeatur3
1346 1745 1456 1806 sed
1486 1746 1656 1825 quod
1700 1743 1860 1805 Deus

1967 761 2126 824 stolo
2174 780 2187 823 z
2240 760 2355 834 Qui
2406 761 2612 842 diligit
2662 762 3047 844 proximum,
3096 763 3297 842 legem
3346 761 3464 822 im·
3520 776 3749 826 Romam„

1968 860 2188 940 plevit.
2229 859 2383 922 Nam
2432 879 2445 922 :
2492 859 2625 923 Non
2678 861 3084 934 adulterabiS,
3138 880 3263 924 non
3314 879 3464 924 moe-
3490 838 3752 953 {2³5³}ssss

1968 959 2281 1031 chaberiS,
2326 977 2450 1021 non
2502 958 2745 1020 furtum
2794 959 3009 1034 facieS,
3054 979 3180 1023 non
3230 958 3461 1021 falsum
3492 965 3579 1008 bet·
3583 977 3683 1014 11111
3690 967 3757 1008 ¹⁸·

1967 1057 2404 1120 testimonium
2456 1058 2651 1132 dices,
2705 1066 2768 1120 et
2821 1059 2873 1120 si
2923 1060 3094 1139 quod
3152 1066 3247 1120 est
3293 1058 3463 1121 aliud

1970 1156 2359 1229 mandatum,
2404 1156 2469 1217 in
2515 1157 2636 1219 hoc
2676 1157 2871 1220 verbo
2917 1156 3326 1230 instauratur,
3367 1156 3468 1218 Di-

1969 1254 2127 1334 liges
2174 1254 2535 1336 proximum
2582 1263 2759 1317 tuum
2808 1255 2971 1316 sicut
3014 1263 3075 1317 te
3119 1255 3354 1337 ipsum.

2048 1351 2285 1414 Deinde
2330 1352 2616 1415 Christus
2660 1354 2935 1416 ostendit
2975 1372 3120 1434 quae
3168 1353 3251 1415 sit
3295 1373 3469 1416 sum-

1971 1470 2072 1512 ma
2116 1451 2370 1514 dilectio
2416 1451 2711 1533 proximi,
2758 1459 2823 1513 et
2868 1453 3187 1533 quomodo
3233 1452 3467 1532 aliquis

1971 1549 2179 1630 diligit
2209 1550 2531 1631 proximos
2562 1551 2728 1612 sieut
2760 1550 3044 1613 Christus
3076 1549 3297 1612 dilexit
3328 1569 3462 1612 nos.

1973 1649 2286 1725 Major-em
2324 1651 2447 1709 Ιιαο
2481 1650 2889 1708 dilectionem
2932 1668 3115 1708 nemo
3149 1651 3357 1717 habet,
3395 1658 3472 1709 ut·
3606 1651 3673 1706 13

1969 1748 2265 1807 animam
2310 1767 2522 1814 suam,
2575 1746 2639 1808 id
2688 1753 2782 1807 est
2833 1747 3023 1808 vitam
3077 1747 3468 1828 corporalem

352 1841 458 1904 vel
504 1842 792 1905 Christus
843 1843 909 1905 in
960 1861 1028 1905 se
1073 1843 1442 1916 delectetur,
1487 1850 1747 1924 propter
1795 1859 1862 1902 se
1900 1842 1944 1904 B
1971 1852 2080 1906 aut
2123 1863 2190 1906 se
2235 1851 2456 1916 totum,
2494 1855 2719 1922 ponat,
2763 1845 2825 1907 id
2868 1853 2986 1916 est,
3023 1846 3210 1909 morti
3252 1864 3473 1926 corpo-

353 1942 571 2023 ipsum
603 1941 966 2025 approbans
1007 1942 1248 2005 bonum
1281 1950 1591 2015 nostrum,
1626 1950 1689 2002 et
1717 1959 1864 2022 gau-

353 2042 567 2103 dendo
597 2041 664 2102 in
701 2040 908 2115 nobiS,
940 2036 1247 2121 gaudium
1289 2059 1474 2102 suum
1518 2039 1863 2101 infundens

353 2157 429 2200 ae
477 2139 766 2201 tribuens
812 2139 1020 2201 nobis·
1059 2141 1142 2200 Ec
1178 2140 1509 2216 qaudium
1553 2148 1862 2209 vestrum,

357 2237 424 2299 id
465 2244 563 2299 est
600 2237 954 2320 spiritualis
995 2237 1344 2301 consolatio
1382 2256 1575 2318 quam
1619 2235 1864 2298 habetis

361 2335 430 2396 in
474 2334 596 2408 via,
641 2338 997 2412 impleatur
1035 2336 1101 2397 in
1151 2334 1354 2417 patria
1396 2354 1410 2398 ε
1453 2335 1633 2416 juxta
1682 2334 1862 2408 illud,

363 2432 652 2497 Satiabor
696 2453 898 2516 quum
940 2434 1309 2516 apparuerit
1344 2433 1547 2513 gloria
1589 2441 1737 2511 tua3
1781 2439 1863 2506 et,

319 2585 332 2594 .
361 2533 766 2614 Adimplebis
797 2551 900 2595 me
940 2533 1156 2595 laetitia
1186 2551 1333 2594 cum
1368 2532 1547 2594 vultu
1580 2539 1709 2595 tuo.
1744 2531 1868 2593 Nec

362 2631 540 2694 enim
589 2632 764 2694 aliud
817 2632 1042 2714 impl-et
1101 2631 1301 2694 nostri
1362 2631 1722 2692 intellectus
1772 2650 1872 2693 ca-

367 2731 707 2813 pacitatem
747 2739 812 2793 et
849 2730 1090 2792 sciendi
1131 2729 1518 2803 aviditatem,
1555 2729 1677 2791 nisi
1722 2729 1872 2790 veri-

367 2836 460 2890 tas
507 2827 718 2911 prima
758 2827 1074 2890 immensa
1116 2845 1229 2909 per
1269 2828 1548 2909 speciem
1589 2827 1868 2907 cognita3

365 2927 541 2989 aliud
574 2944 829 3008 quoque
861 2944 986 2989 non
1018 2926 1245 3012 implet
1275 2932 1503 2989 nostrae
1535 2925 1872 2989 voluntatis

1977 1943 2090 2005 rali
2141 1951 2436 2025 exponat,
2486 1945 2633 2022 quis
2673 1963 2797 2020 pro
2846 1946 3076 2005 amicis
3124 1945 3281 2004 suia.
3336 1943 3474 2006 vita

1973 2040 2144 2103 enim
2190 2048 2285 2102 est
2327 2041 2603 2103 maxime
2650 2041 3019 2124 appetibilis
3069 2050 3261 2123 atque
3303 2061 3474 2104 ama-

1973 2138 2166 2218 bilis3
2220 2158 2389 2203 mors
2447 2146 2658 2201 autem
2709 2148 2805 2202 est
2852 2141 3143 2204 omnium
3203 2140 3477 2203 horribi-

1975 2238 2131 2300 lium
2181 2237 2769 2301 horribilissimum.
2806 2239 2948 2302 Ideo
2989 2239 3181 2301 vitam
3228 2239 3478 2321 propri-

1975 2355 2075 2398 am
2139 2343 2545 2400 contemnere
2612 2343 3013 2418 mortemque
3078 2337 3297 2399 subire
3360 2357 3476 2420 pro

1979 2435 2412 2516 proximorum
2460 2435 2683 2508 salute,
2726 2442 2822 2497 est
2864 2435 3155 2498 maximae
3198 2436 3475 2498 caritatis

1977 2529 2247 2595 effectus
2286 2553 2359 2595 ae
2398 2534 2674 2614 signum.
2702 2533 2906 2606 Quum
2946 2534 3117 2596 enim
3160 2535 3288 2596 sint
3324 2554 3479 2616 qua-

1979 2640 2122 2694 tuor
2170 2650 2265 2694 ex·
2295 2632 2553 2694 caritate
2609 2632 2896 2705 amanda,
2948 2651 3221 2713 quorum
3277 2651 3474 2694 unum

1979 2731 2103 2794 alio
2141 2737 2343 2792 exstat
2386 2729 2805 2812 praestantiu8‚
2840 2729 3084 2792 scilicet
3124 2732 3307 2805 DeuS,
3345 2731 3480 2792 ani-

1980 2849 2084 2892 ma
2124 2829 2404 2911 propria,
2449 2827 2801 2910 proximus,
2847 2837 2909 2891 et
2960 2829 3292 2912 proprium
3344 2849 3480 2893 cor-

1983 2947 2141 3010 pus3
2194 2927 2335 2990 ideo
2395 2933 2656 3009 propter
2705 2926 2898 2988 Deum
2958 2927 3367 3010 despicienda
3416 2935 3478 2991 et

367 3024 783 3099 desiderium,
837 3024 961 3086 nisi
1011 3024 1262 3087 bonitas
1314 3043 1563 3086 summa
1611 3032 1674 3086 et
1726 3024 1874 3086 inri-
1909 3027 1952 3090 C
1984 3026 2357 3108 exponenda
2419 3033 2569 3086 sunt
2627 3023 2751 3086 alia
2818 3025 2959 3098 tria,
3020 3031 3082 3087 et
3146 3025 3475 3107 proprium

369 3124 525 3196 nita,
571 3141 686 3205 per
728 3121 1098 3186 fruitionem
1152 3140 1462 3205 possessa.
1508 3121 1678 3184 Patet
1724 3140 1874 3203 ergo

369 3222 544 3302 quod
584 3220 738 3282 finis
789 3227 1020 3284 nostrae
1059 3221 1396 3283 creationis
1439 3228 1536 3282 est
1569 3221 1872 3301 gaudium

371 3319 662 3402 plenum,
701 3327 958 3400 tamque
997 3319 1351 3382 exuberans
1392 3326 1455 3380 et
1494 3318 1871 3401 perfectum,

373 3425 446 3480 ut
485 3435 563 3481 eo
603 3417 1098 3499 adept0,*majus
1145 3435 1270 3480 non
1316 3416 1631 3499 cupiatur.

453 3519 593 3578 Hoc
629 3525 720 3576 est
753 3526 1148 3594 proeceptum
1189 3536 1430 3586 meum,
1469 3515 1532 3577 id
1576 3523 1672 3577 est
1722 3535 1878 3597 prae-

371 3623 632 3698 ceptum
685 3615 1106 3697 praecipuum,
1156 3615 1326 3696 quod
1377 3614 1738 3696 specialiter
1788 3634 1878 3676 re-

368 3715 534 3788 colo,
559 3721 621 3776 et
651 3714 989 3794 diligenter
1018 3713 1255 3776 servari
1288 3713 1452 3787 volo,
1479 3723 1552 3773 ut
1579 3715 1878 3790 diliyatis

367 3814 654 3873 invicem
705 3811 1046 3874 dilectione
1094 3810 1330 3885 divina,
1380 3809 1591 3872 infusa
1639 3819 1703 3873 et
1749 3813 1880 3893 spi-

370 3909 612 3985 rituali,
657 3911 828 3970 aicut
874 3911 1085 3970 dilexi
1136 3929 1260 3980 υοε,
1315 3908 1378 3970 id
1437 3916 1532 3970 est
1590 3909 1876 3986 ordinate

366 4009 448 4071 ad
487 4007 972 4089 adipiscendum
1016 4007 1210 4068 vitam
1251 4014 1573 4082 aeternam,
1618 4017 1681 4069 et
1724 4008 1876 4069 item

371 4106 698 4168 ferventer
743 4113 938 4186 atque
996 4104 1330 4167 stabiliter.
1382 4105 1606 4168 Nullus
1667 4113 1876 4167 tamen

1985 3143 2217 3204 corpus
2268 3142 2383 3205 pro
2430 3123 2742 3206 proximo.
2795 3122 3242 3186 Verumtamen
3293 3143 3480 3188 nemo

1985 3223 2172 3286 debet
2219 3223 2498 3284 animam
2550 3241 2727 3284 suam
2779 3223 3095 3304 spirituali
3146 3223 3331 3286 morti
3376 3241 3481 3285 ex-

1987 3338 2244 3404 ponere,
2282 3321 2380 3384 vel
2421 3321 2561 3402 ejus
2602 3321 2869 3384 salutem
2912 3328 3294 3403 postponere
3338 3339 3482 3403 pro—

1988 3429 2126 3502 pter
2181 3420 2615 3502 proximorum
2667 3419 3021 3500 profectum
3071 3429 3180 3481 aut
3220 3419 3482 3482 felicita-

1987 3526 2112 3581 tem
2139 3517 2473 3599 :quamvis
2504 3535 2696 3599 opera
2725 3517 2890 3580 bona
2929 3537 3053 3580 non
3087 3517 3319 3592 debita,
3354 3518 3483 3580 sint

1987 3635 2154 3698 saepe
2202 3615 2549 3679 omittenda
2608 3616 2683 3676 ad
2734 3616 3063 3678 vitandum
3113 3615 3479 3678 scandalum

1989 3715 2391 3796 pusillorum.
2434 3713 2607 3775 Unde
2650 3714 2819 3794 apud
2866 3713 3223 3777 Matthaeum
3274 3713 3482 3777 Domi-

1986 3833 2106 3875 nus
2166 3813 2254 3874 ait
2302 3830 2315 3874 :
2368 3810 2527 3883 Quid
2588 3813 2840 3892 prodest
2895 3811 3161 3886 homini,
3224 3813 3277 3874 si
3345 3813 3773 3887 animumn..

1986 3929 2241 3974 versum
2304 3910 2615 3970 mundum
2674 3909 2978 3983 lucretur,
3039 3911 3268 3973 animae
3332 3929 3480 3975 vero
3510 3901 3579 3941 ²⁶·

1985 4029 2117 4072 suae
2147 4008 2599 4070 detrimentum
2632 4008 2937 4090 patiatur?
2959 4016 3067 4071 aut
3097 4028 3287 4090 quam
3322 4029 3483 4073 com-

1987 4107 2401 4170 mutationem
2443 4105 2617 4169 dabit
2656 4108 2845 4170 homo
2892 4127 3007 4190 pro
3054 4109 3267 4170 anima
3316 4111 3481 4170 sua?

371 4204 641 4285 diligere
685 4211 894 4286 potest
937 4204 1267 4285 aequaliter
1308 4204 1576 4268 Christo.
1610 4203 1726 4276 Qui
1767 4223 1880 4266 au·
1914 4209 1960 4271 D
1990 4206 2159 4268 Hanc
2200 4214 2409 4267 autem
2452 4205 2856 4269 dilectionem
2907 4205 3131 4268 habuit
3172 4205 3481 4286 ChristuS,

373 4312 505 4366 tem
549 4303 645 4364 sic
688 4303 898 4383 diligit
943 4303 1288 4384 proximOS,
1336 4311 1598 4385 propter
1636 4302 1878 4365 nullam

373 4401 682 4483 injuriam
722 4402 800 4463 ad
831 4401 1050 4465 odium
1093 4401 1467 4477 concitatur,
1503 4420 1618 4464 nec
1649 4401 1730 4464 ob
1767 4401 1883 4463 ali-

373 4499 565 4580 cujus
605 4501 693 4561 rei
728 4499 1096 4582 temporalis
1127 4501 1430 4562 damnum
1472 4499 1595 4562 sibi
1635 4499 1882 4562 illatum

376 4598 707 4662 caritatem
771 4599 1102 4680 relinquit,
1163 4617 1366 4680 quum
1426 4599 1566 4679 ejus
1625 4598 1883 4661 amissio

379 4698 468 4762 sit
495 4697 848 4759 maximum
881 4698 1204 4759 damnum.
1222 4696 1522 4769 Quamvis
1551 4715 1699 4777 ergo
1731 4697 1886 4759 mul·

381 4803 449 4858 ta
506 4795 636 4856 sint
692 4793 923 4856 Christi
982 4802 1320 4876 praecepta,
1375 4803 1438 4856 et
1496 4802 1883 4877 praeceptum

387 4891 696 4975 diligendi
734 4892 930 4954 Deum
961 4892 1046 4954 sit
1083 4893 1363 4975 primum
1395 4901 1458 4954 et
1495 4893 1839 4955 maximum
1868 4913 1884 4973 ;

383 5001 602 5056 tamen
634 4992 712 5054 de
744 4999 1060 5073 praecepto
1091 4999 1328 5054 mutuae
1357 4991 1716 5054 dilectionis
1748 5011 1891 5074 pro—

389 5091 712 5154 ximorum
743 5089 832 5151 ait
869 5087 1174 5164 Salvator,
1206 5089 1335 5153 Hoc
1365 5098 1462 5152 est
1499 5098 1890 5172 praeceptum

385 5207 631 5263 meum,
682 5189 987 5270 quoniam
1049 5188 1306 5252 dilectio
1363 5188 1637 5270 proximi
1692 5188 1892 5250 inclu-

1990 4303 2098 4385 qui
2142 4322 2259 4386 pro
2296 4321 2559 4365 suorum
2590 4303 2935 4366 electorum
2972 4304 3173 4366 salute
3215 4305 3375 4367 mori
3406 4322 3483 4366 ex

1991 4402 2249 4464 caritate
2292 4393 2747 4482 dignatus'est.

2071 4499 2191 4562 Sed
2241 4499 2495 4562 videtur
2541 4501 2711 4580 quod
2774 4519 2888 4582 pro
2936 4500 3159 4563 amicis
3208 4501 3487 4562 animam

1996 4617 2233 4682 ponere
2273 4617 2397 4662 non
2440 4599 2522 4661 sit
2560 4599 2815 4661 dilectio
2854 4599 3150 4674 maxima,
3182 4599 3485 4680 quoniam

1998 4717 2112 4780 pro
2164 4697 2441 4760 inimicis
2491 4697 2652 4760 mori
2709 4697 2915 4777 majus
2966 4706 3282 4760 censetur.
3333 4696 3490 4759 Rur—

1997 4817 2104 4860 sus
2143 4797 2396 4859 videtur
2436 4795 2721 4859 Christus
2762 4815 2986 4878 passus
3028 4815 3143 4879 pro
3184 4795 3483 4857 inimicis.

1997 4894 2275 4967 Quorum
2324 4901 2669 4974 utrumque
2718 4900 2889 4974 patet
2936 4912 3012 4956 ex
3070 4893 3171 4956 his
3221 4911 3365 4974 quae
3412 4893 3488 4955 ad

2001 4993 2310 5056 Romanos
2342 4992 2495 5054 dicit
2523 4991 2859 5074 Apostolus
2894 5010 2908 5054 :
2944 4991 3355 5054 Commendat
3383 5010 3494 5053 au-
3544 5019 3787 5072 mmm&

2002 5099 2127 5153 tem
2177 5090 2496 5152 caritatem
2541 5109 2719 5152 suam
2767 5090 2831 5150 in
2876 5089 3060 5152 nobis
3110 5088 3294 5164 DeuS,
3336 5108 3496 5172 quo—
3522 5085 3589 5127 ¹⁰·

2004 5189 2173 5250 niam
2232 5207 2433 5270 quum
2494 5188 2702 5250 adhuc
2764 5195 3123 5270 peccatores
3179 5205 3489 5262 essemuS,

387 5287 484 5352 dit
521 5286 928 5350 dilectionem
968 5285 1101 5362 Dei,
1134 5306 1334 5369 quum
1378 5286 1540 5348 Deus
1587 5287 1668 5348 sit
1706 5305 1895 5349 causa
2008 5286 2293 5350 Christus
2335 5305 2449 5367 pro
2488 5284 2671 5348 nobis
2712 5291 3001 5349 mortuus
3042 5293 3157 5362 est,
3191 5292 3255 5347 et
3290 5304 3491 5368 quum
