4300 6259
1087 527 1440 574 ENARRATIO
1483 527 1545 572 IN
1587 526 1726 573 CAP-
1771 528 1853 572 XV
1892 525 2171 573 JoANNIS.
2216 547 2297 556 —
2338 528 2481 574 ΛΒΤ.
2527 526 2741 573 xxxvu

3342 510 3465 574 345

85 711 320 763 uranu,
353 692 638 776 Contigit
696 695 824 758 illis
883 697 1042 760 illud
1095 699 1226 760 veri
1280 698 1625 781 proverbii,
1677 698 1859 762 Canis
1889 697 1940 758 A
1970 698 2327 762 humorem.
2380 703 2463 762 Ec
2510 701 2832 776 colliqent,
2882 698 2947 760 id
3005 706 3120 773 est,
3175 697 3463 780 reprobis

60 777 127 825 22;
173 775 316 818 Prot.

57 852 164 888 xxxxx
193 841 258 880 ll.

351 809 656 855 reversus
708 795 784 856 ad
836 815 1025 857 suum
1075 797 1410 872 vomitum,
1463 804 1525 858 et
1573 817 1678 859 sus
1735 797 1862 860 lota

349 890 422 952 in
476 891 810 956 volutabro
854 894 995 955 luti.

441 992 572 1058 Qua·
609 1002 828 1052 manet
867 995 939 1052 in
983 1013 1099 1064 me,
1139 995 1328 1056 modo
1364 994 1494 1074 jam
1535 995 1724 1069 dictO,
1759 1013 1862 1056 cu-

343 1087 456 1167 jus
509 1089 808 1152 videlicet
855 1091 1219 1153 intellectus
1268 1093 1426 1153 mihi
1479 1093 1698 1176 unit-ur
1746 1111 1859 1174 per

349 1185 580 1261 fidem,
615 1188 909 1250 voluntas
942 1207 1056 1271 per
1089 1190 1517 1264 dilectionem,
1553 1191 1859 1254 memoria

349 1303 471 1366 per
521 1285 955 1362 stabilitatem,
991 1298 1050 1348 et
1094 1307 1205 1364 eqo
1251 1291 1322 1348 in
1371 1309 1439 1349 eo
1491 1307 1854 1371 permaneo,

349 1386 794 1448 conservando
841 1387 1006 1448 dona
1050 1387 1268 1467 gratiae
1317 1405 1475 1449 meae
1525 1387 1590 1449 in
1647 1387 1860 1449 anima

349 1481 548 1564 ejus;
599 1485 707 1543 hic
751 1485 882 1560 fert
930 1487 1226 1563 fructum
1275 1490 1582 1557 multum,
1629 1484 1692 1547 id
1736 1492 1853 1561 est,

350 1581 417 1643 in
473 1581 780 1662 operibus
828 1582 1014 1645 bonis
1062 1582 1363 1657 abundat,
1412 1592 1474 1646 et
1521 1584 1748 1645 crescit
1791 1583 1856 1645 in

347 1680 576 1761 gratia.
610 1678 1153 1751 Quemadmodum
1198 1682 1372 1743 enim
1411 1690 1601 1763 caput
1640 1682 1861 1744 influit

349 1776 664 1840 membris
715 1779 910 1841 vitam
960 1787 1032 1840 et⁴
1072 1788 1339 1854 motum,
1386 1787 1448 1841 et
1495 1780 1663 1842 sicut
1712 1780 1858 1842 vitis

1966 795 2341 859 adunabunt
2375 817 2523 856 eum
2564 796 2773 876 angeli
2816 796 3015 858 sancti
3062 802 3461 858 exsecutores

1969 894 2171 956 divini
2219 894 2445 974 judicii
2498 912 2511 956 :
2566 896 2641 956 de
2689 894 2927 976 quibus
2980 894 3289 978 scriptum
3340 901 3457 968 est,

1967 991 2036 1053 In
2079 991 2624 1054 consummatione
2666 993 2880 1055 saeculi
2920 992 3188 1054 exibunt
3227 992 3458 1073 angeli,
3490 1013 3759 1066 mnam,

1969 1097 2029 1150 et
2078 1089 2465 1172 separabunt
2504 1091 2701 1154 malos
2742 1092 2820 1153 de
2864 1091 3072 1154 medio
3117 1091 3458 1172 justorum,
3489 1079 3558 1127 ⁴⁹*
3580 1079 3649 1120 ⁵⁰·

1968 1195 2027 1249 et
2088 1188 2342 1250 mittent
2398 1206 2503 1250 eos
2564 1189 2628 1250 in
2687 1190 3009 1250 caminum
3072 1189 3257 1268 ignis.
3318 1188 3462 1251 ideo

1967 1271 2264 1348 subditur
2297 1305 2310 1349 :
2344 1297 2405 1349 et
2445 1289 2519 1347 in
2557 1290 2773 1364 iqnem
2816 1289 3096 1355 mittent,
3129 1287 3194 1348 id
3242 1294 3358 1361 est,
3393 1287 3459 1348 in

1967 1384 2176 1464 ignem
2230 1383 2605 1446 infernalem
2658 1385 2996 1466 projicient
3044 1402 3211 1459 eum,
3259 1403 3460 1466 quum

1968 1483 2199 1544 dixerit
2252 1483 2451 1545 Judex
2504 1501 2518 1544 ε
2570 1483 2678 1558 lte,
2732 1483 3073 1558 maledicti,
3128 1483 3194 1544 in
3251 1483 3463 1563 ignem
3516 1502 3756 1556 mam,

1967 1588 2295 1643 aeternum.
2338 1581 2507 1644 lstud
2549 1600 2807 1663 quoque
2853 1582 3317 1663 particulariter
3356 1583 3464 1644 ad·
3491 1566 3559 1608 ⁴¹·

1969 1677 2273 1760 impletur
2330 1679 2394 1740 in
2456 1688 2657 1742 morte
2712 1680 3131 1761 singulorum.
3194 1679 3279 1742 De
3333 1698 3463 1762 quo

1969 1777 2114 1857 igne
2162 1777 2249 1838 ait
2296 1777 2651 1841 Praecursor
2698 1779 2868 1860 apud
2914 1778 3147 1840 Lucam
3193 1798 3208 1841 :
3251 1779 3461 1842 Paleas
3489 1795 3758 1850 Luc.m‚i⁷.

351 1877 490 1938 suis
557 1876 930 1959 palmitibus
998 1877 1218 1940 influit
1283 1878 1739 1960 pinguedinem
1798 1887 1860 1942 et
1895 1878 1941 1940 B
1969 1875 2300 1938 comburet
2331 1875 2473 1955 igne
2514 1875 3043 1958 inexstinguibili.
3078 1877 3265 1939 Isaias
3308 1896 3464 1959 quo-

353 1976 746 2054 humorem3
795 1975 887 2037 sic
937 1975 1224 2038 Christus
1283 1975 1586 2039 fidelibus
1645 1978 1861 2040 influit

355 2075 556 2136 vitam
616 2074 835 2155 gratiae
896 2081 958 2136 et
1019 2082 1263 2138 motum
1328 2075 1650 2138 actionum
1715 2096 1858 2139 san·

355 2181 630 2247 ctarum,
666 2173 1004 2235 humorem
1051 2182 1304 2255 recepta
1352 2175 1516 2236 dona
1558 2174 1857 2249 alentem,

357 2272 646 2353 itemque
689 2271 1145 2334 charismatum
1187 2270 1554 2335 divinorum
1605 2273 1863 2355 pingue-

109 2401 258 2440 ..ψῃ
313 2420 326 2431 .
359 2370 603 2432 dinem.
636 2369 815 2433 Unde
863 2378 1002 2433 orat
1045 2370 1375 2433 Psalmista
1409 2390 1422 2434 :
1458 2370 1633 2433 Sicut
1675 2373 1860 2453 adipe

188 3093 214 3120 ι
255 3081 282 3120 2
313 3111 326 3122 .
359 3077 464 3120 am
515 3058 748 3138 legitur
787 3077 800 3120 :
839 3057 1003 3132 Soio,
1061 3058 1342 3127 Domine,
1389 3059 1539 3138 quia
1590 3078 1716 3122 non
1769 3068 1865 3121 est
1901 3059 1944 3122 C
1975 3047 2317 3138 conspectu
2362 3057 2731 3137 angelorum
2777 3064 3138 3120 sanctorum
3178 3067 3241 3121 et
3277 3058 3460 3141 Agni,

358 2476 422 2530 et
454 2468 848 2550 pinguedine
889 2470 1212 2551 repleatur
1241 2470 1456 2532 anima
1493 2488 1653 2532 mea.
1693 2473 1860 2539 Quia

355 2568 501 2628 sine
546 2587 664 2638 me,
716 2568 782 2629 id
831 2574 926 2629 est
974 2567 1112 2629 sine
1155 2568 1356 2648 gratia
1415 2586 1555 2630 mea
1609 2576 1859 2648 gratum

358 2664 658 2740 faciente,
692 2668 870 2728 m'lzil
908 2667 1304 2729 meritorium
1337 2668 1600 2744 potestis
1623 2669 1856 2744 facere.

189 2797 229 2825 r.
252 2798 326 2834 xv.
359 2763 626 2846 Propter
668 2766 842 2846 quod
886 2764 1044 2827 dicit
1083 2764 1420 2846 Apostolus
1455 2784 1468 2828 :
1503 2764 1711 2828 Gratia
1752 2764 1858 2827 Dei

178 2910 188 2918 .
247 2925 329 2960 ‘w'
360 2883 506 2925 sum
557 2863 620 2926 id
671 2863 844 2945 quod
894 2882 1076 2942 sum;
1109 2871 1191 2936 et,
1225 2861 1448 2925 Omnia
1492 2882 1750 2945 possum
1795 2864 1860 2925 in

359 2978 437 3023 eo
483 2960 598 3041 qui
650 2978 752 3022 me
802 2959 1134 3023 confortat.
1187 2960 1342 3022 Hinc
1390 2962 1560 3042 apud
1604 2960 1866 3023 Ieremi—

361 3155 644 3219 hominis
691 3156 794 3218 via
839 3157 1004 3236 ejus,
1043 3175 1160 3218 nec
1209 3157 1328 3220 viri
1382 3165 1478 3220 est
1529 3165 1596 3219 ut
1641 3157 1865 3220 ambu-

358 3255 449 3317 let
505 3261 569 3316 e‘t
627 3253 856 3335 dirigat
911 3273 1168 3335 gressus
1227 3273 1396 3318 suos.
1455 3254 1650 3319 Nemo
1714 3274 1863 3336 ergo

359 3353 484 3415 sibi
537 3353 662 3435 ipsi
712 3353 1097 3428 blandiatur,
1153 3353 1252 3416 vel
1305 3353 1368 3414 in
1420 3371 1486 3415 se
1547 3353 1686 3436 ipso
1730 3354 1863 3434 glo-

361 3452 586 3526 rietur,
618 3470 824 3533 quum
873 3451 963 3512 nil
1014 3451 1203 3513 habet
1246 3450 1397 3514 boni
1439 3471 1476 3514 a
1517 3470 1606 3525 se,
1639 3460 1702 3514 et
1745 3453 1864 3515 hoc

362 3550 580 3633 ipsum
609 3548 782 3630 quod
822 3548 1034 3622 habet,
1069 3567 1188 3611 nec
1216 3549 1294 3611 ad
1336 3558 1728 3612 momentum
1761 3569 1864 3632 po-

359 3655 486 3711 test
532 3665 810 3722 servare,
865 3647 989 3708 nisi
1048 3655 1461 3711 conservetur
1507 3667 1543 3708 a
1590 3647 1857 3711 Christo.

269 3801 282 3810 .
358 3746 650 3829 Denique
689 3746 832 3828 ipsa
869 3745 1076 3829 prima
1114 3746 1346 3808 mentis
1383 3747 1462 3808 ad
1494 3746 1687 3808 Deum
1722 3766 1866 3809 cou-

167 3973 190 4000 r
249 3991 262 4002 .
313 3991 328 4012 ‚
359 3943 534 4024 quod
593 3942 894 4004 Ieremias
948 3948 1243 4023 precatur
1295 3959 1309 4003 ε

360 3844 596 3918 versio,
639 3844 746 3905 Dei
798 3845 1038 3907 donum
1087 3850 1202 3917 est,
1238 3850 1299 3904 et
1338 3862 1375 3904 a
1416 3842 1560 3906 Deo.
1605 3843 1867 3926 Propter

1361 3941 1667 4004 Converte
1723 3961 1860 4016 nOS,

359 4039 652 4112 Domine,
697 4041 774 4102 ad
818 4047 903 4114 te,
949 4046 1012 4100 et
1054 4047 1523 4101 convertemur.

441 4141 524 4201 Si
570 4139 718 4218 quis
765 4139 838 4198 in
890 4158 1012 4208 me,
1047 4137 1111 4198 id
1160 4143 1256 4198 est
1305 4136 1370 4198 in
1419 4135 1572 4212 fide,
1609 4139 1868 4202 caritate

1968 1991 2095 2055 que
2130 1973 2220 2035 ait
2256 1991 2269 2036 :
2306 1973 2551 2035 Vermis
2600 1991 2819 2036 eorum
2865 1993 2991 2038 non
3040 1976 3367 2050 morietur,
3402 1983 3465 2037 et
3494 1993 3757 2048 ιιωιμ.

1970 2073 2136 2153 ignis
2186 2091 2405 2136 eorum
2458 2091 2581 2135 non
2630 2073 3087 2154 exstinguetur.
3123 2078 3210 2135 Ει
3256 2079 3461 2136 ardet.

1971 2169 2094 2234 Cur
2133 2190 2258 2234 non
2298 2171 2407 2245 ait,
2441 2169 2517 2232 Et
2552 2170 2842 2232 ardebit?
2873 2170 3047 2243 Quod
3086 2171 3138 2233 si
3180 2172 3462 2247 dixisset,

1973 2287 2195 2331 verum
2235 2269 2531 2348 dixisset3
2566 2270 2674 2333 sed
2713 2269 2906 2333 verbo
2946 2271 3275 2351 praesentis
3317 2278 3469 2332 tem-

1973 2366 2144 2446 poris
2179 2385 2329 2428 usus
2370 2375 2485 2440 est,
2521 2367 2824 2448 quoniam
2866 2367 2927 2429 id
2962 2368 3133 2449 quod
3172 2367 3307 2442 fiet,
3344 2369 3468 2432 Deo

1975 2465 2455 2545 praesentialiter
2501 2473 2765 2540 constat,
2800 2473 2861 2527 et
2909 2466 2974 2528 in
3025 2466 3164 2547 ejus
3220 2467 3472 2548 praesci-

1974 2563 2144 2624 entia
2190 2562 2317 2642 jam
2368 2561 2467 2642 fit,
2509 2564 2678 2644 quod
2729 2563 2795 2625 in
2846 2564 3249 2628 exsecutione
3298 2564 3470 2627 futu-

1975 2681 2115 2723 rum
2147 2669 2263 2723 est.
2288 2661 2548 2724 Ardebit
2578 2680 2747 2742 ergo,
2773 2672 2836 2725 et
2866 2681 2991 2726 non
3023 2673 3465 2744 consumetur3

1973 2759 2215 2842 optabit
2262 2767 2554 2836 mortem,
2603 2768 2665 2822 et
2711 2761 3091 2823 aeternaliter
3140 2763 3463 2844 punietur,

1974 2860 2509 2940 quemadmodum
2580 2859 2642 2920 in
2709 2859 3088 2942 Apocalypsi
3153 2860 3387 2923 dicitur
3448 2878 3461 2925 ε

1976 2956 2373 3021 Cruciabitur
2430 2957 2693 3039 iniquus
2758 2958 2902 3038 igne
2964 2967 3026 3020 et
3091 2959 3337 3022 sulfure
3397 2959 3464 3022 in
3494 2983 3633 3038 Apoe.
3671 2995 3757 3034 m.

3496 3048 3560 3088 ιο.

1973 3163 2036 3216 et
2084 3153 2300 3216 fumus
2350 3162 2811 3218 tormentorum
2860 3157 2999 3238 ejus
3048 3159 3345 3220 ascendet
3398 3158 3462 3220 in

1971 3254 2202 3316 saecula
2260 3253 2677 3332 saeculorum3
2730 3261 2791 3315 et
2838 3255 3184 3330 Psalmista‚
3231 3255 3465 3318 Cadent
3508 3268 3755 3316 memx.

1972 3369 2167 3434 super
2196 3370 2302 3415 eos
2333 3353 2657 3428 carboneS,
2695 3353 2759 3414 in
2792 3353 3003 3435 ignem
3038 3354 3299 3435 dejicies
3330 3373 3459 3430 eOS,
3494 3333 3559 3374 ¹¹·

1973 3451 2036 3512 in
2083 3450 2359 3512 miseriis
2402 3470 2528 3514 non
2572 3451 2939 3515 subsistent.
3288 3453 3293 3458 ’

2052 3551 2133 3611 Si
2176 3551 2544 3611 manseritis
2587 3551 2661 3609 in
2709 3571 2830 3621 me,
2863 3550 3315 3616 conformando
3366 3572 3465 3616 vo—
3606 3549 3642 3604 '1

1973 3649 2279 3710 luntatem
2324 3655 2597 3711 vestram
2644 3649 2950 3712 voluntati
3002 3669 3157 3713 meae
3204 3669 3318 3733 per
3365 3671 3466 3714 ca-

1974 3747 2225 3808 ritatem
2282 3755 2345 3807 et
2400 3745 2824 3808 obedientiam
2878 3766 3114 3822 veram,
3164 3759 3225 3809 et
3274 3753 3465 3811 verba

1975 3865 2108 3906 mea
2156 3846 2228 3904 in
2281 3846 2455 3904 vobis
2501 3846 2860 3906 manserint
2910 3863 3025 3927 per
3070 3846 3287 3928 jugem
3340 3867 3470 3910 me-

1975 3942 2242 4005 moriam
2286 3951 2349 4003 et
2390 3941 2682 4004 stabilem
2726 3943 3068 4007 verborum
3110 3946 3471 4028 adimpleti-

1975 4059 2205 4119 onem3
2252 4043 2695 4120 quodcumque
2738 4044 3077 4103 volueritis
3112 4047 3363 4121 petetiS,
3405 4045 3468 4108 id

1976 4145 2090 4210 est,
2124 4138 2443 4219 quidquid
2484 4138 2792 4220 placuerit
2827 4140 3057 4202 animae
3097 4149 3317 4205 vestrae
3363 4162 3474 4224 po-

361 4245 426 4299 et
473 4236 837 4300 obedientia
885 4252 1049 4308 mea,
1093 4255 1226 4295 non
1275 4237 1611 4303 manserit,
1658 4239 1867 4298 mitte·
1897 4242 1946 4303 D
1976 4235 2295 4298 stulabitis
2334 4256 2371 4298 a
2410 4235 2587 4298 Patre
2625 4237 2724 4298 vel
2769 4256 2805 4298 a
2850 4256 2973 4312 me,
3004 4249 3064 4300 et
3093 4243 3229 4317 fiet,
3262 4241 3326 4302 id
3376 4247 3472 4302 est

364 4345 475 4396 tur
511 4335 718 4412 foras,
750 4333 816 4396 id
862 4340 981 4406 cst,
1015 4333 1096 4394 ab
1139 4332 1484 4395 electorum
1532 4351 1721 4414 grege
1769 4353 1869 4397 se-

360 4431 754 4512 gregabitur,
807 4450 1002 4506 nunc,
1056 4437 1201 4493 voto
1257 4437 1319 4491 et
1377 4431 1625 4506 merito,
1678 4440 1740 4493 et
1800 4433 1865 4495 in

218 4579 230 4591 .
283 4561 329 4598 n.
363 4528 605 4604 futuro,
640 4528 780 4592 loco
817 4535 878 4590 et
920 4529 1205 4610 praemio,
1239 4535 1432 4610 atque
1471 4529 1536 4591 in
1575 4530 1866 4594 tenebras

315 4623 709 4690 ‘exteriores
761 4627 1074 4701 mittetur,
1121 4627 1659 4708 quemadmodum
1716 4630 1869 4692 scri-

364 4733 550 4808 ptum
590 4731 686 4788 est
715 4743 730 4788 :
763 4724 1046 4788 Tollatur
1075 4724 1336 4806 impiuS,
1372 4743 1453 4787 ne
1493 4725 1702 4788 videat
1735 4728 1870 4807 glo-

363 4825 526 4886 riam
559 4823 705 4903 Dei3
736 4825 905 4884 sieut
927 4826 1181 4901 palmes
1219 4822 1502 4903 inutili83
1533 4833 1593 4884 et
1633 4835 1867 4887 arescet

361 4941 480 5006 per
509 4921 904 4984 sterilitatem
939 4921 1019 4983 ab
1051 4939 1242 5003 opere
1273 4921 1462 4996 bone,
1496 4922 1560 4985 id
1601 4930 1715 4997 est,
1750 4925 1868 4986 hu-

360 5039 542 5085 more
586 5020 804 5101 gratiae
863 5038 1134 5101 roreque
1176 5020 1397 5100 gloriae
1444 5022 1861 5104 destituetur3

313 5170 326 5182 .
363 5139 484 5183 nec
513 5119 635 5181 erit
671 5126 976 5200 tanquam
1019 5118 1264 5199 lignum
1301 5120 1472 5200 quod
1511 5119 1864 5201 plantatum

361 5225 458 5280 est
521 5216 704 5298 juxta
761 5217 1066 5279 decursus
1128 5235 1464 5298 aquarum,
1529 5220 1638 5280 sed
1700 5219 1866 5282 sicut

360 5316 555 5378 arbor
591 5333 736 5396 quae
794 5315 986 5390 aruit,
1038 5315 1341 5396 quoniam
1405 5334 1533 5379 non
1591 5317 1865 5381 habebat

613 5447 678 5498 T.
714 5447 795 5499 12.

1975 4334 2252 4409 dabitur,
2287 4336 2486 4402 vobis,
2517 4334 2862 4398 dummodo
2901 4338 3136 4400 orando
3167 4338 3470 4401 maneatis

1977 4434 2042 4495 in
2088 4451 2211 4506 me,
2255 4433 2493 4495 orando
2536 4450 2683 4496 vere
2733 4433 3030 4508 salubria,
3071 4444 3259 4518 prout
3310 4437 3467 4499 mihi

1977 4540 2072 4593 est
2130 4531 2459 4614 placitum,
2520 4533 2757 4595 orando
2814 4552 3070 4615 quoque
3131 4535 3465 4598 instanter.

1976 4629 2092 4692 Sed
2134 4629 2439 4710 quoniam
2477 4628 2631 4709 justi
2676 4648 2801 4692 non
2842 4631 3266 4695 exaudiuntur
3305 4653 3471 4698 sem-

1977 4747 2090 4811 per
2138 4747 2255 4810 pro
2300 4727 2465 4802 aliis,
2518 4729 2811 4809 quamvis
2862 4737 3078 4810 petant
3125 4731 3469 4796 salubriter

1977 4835 2040 4889 et
2096 4827 2405 4890 instanter
2452 4845 2568 4908 pro
2624 4825 2775 4901 illis,
2821 4827 2964 4891 ideo
3021 4829 3131 4904 ait,
3178 4830 3311 4893 Fiet
3363 4852 3467 4896 vo-

1975 4925 2074 4988 bis
2119 4944 2132 4989 :
2177 4924 2330 5007 quia
2377 4943 2501 4987 non
2552 4942 2803 5006 semper
2851 4924 2930 4987 fit
2973 4927 3137 5002 aliis,
3179 4946 3254 4992 eo
3296 4933 3465 5010 quod

1978 5033 2218 5106 ponant
2256 5023 2473 5104 gratiae
2514 5021 2786 5086 obicem.

2053 5126 2134 5184 In.
2186 5125 2301 5184 hoc
2346 5122 2746 5198 clarificatus
2791 5131 2881 5182 est
2924 5126 3123 5185 Pater
3168 5145 3365 5198 meus,
3399 5127 3463 5189 id
3606 5131 3643 5186 8

1975 5227 2088 5294 est,
2123 5220 2198 5301 in·
2230 5220 2350 5282 hoc
2387 5218 2583 5280 Patris
2623 5219 2898 5282 coelestis
2938 5220 3140 5284 bonor
3176 5225 3467 5288 consistit

1975 5325 2038 5380 et
2083 5305 2304 5398 gloria,
2348 5336 2474 5381 non
2524 5317 2605 5381 ob
2654 5337 2833 5380 suam
2879 5319 3321 5406 indigentiam,
3355 5327 3465 5388 sed

3152 5455 3216 5508 35
