4300 6259
131 985 204 1040 23

64 1679 302 1721 Joanmxxt
310 1710 322 1728 .

51 1745 92 1784 21
103 1772 116 1784 .

75 1985 176 2026 Act.
199 1999 230 2035 ι,
249 1986 296 2026 8.

318 2105 326 2108 -
355 2064 614 2144 gabant,
649 2065 932 2129 dicentes
977 2085 989 2128 z

57 4345 72 4386 l
93 4345 267 4396 Timui.
282 4348 326 4388 5.

1147 517 1496 564 ENARRATIO
1541 518 1602 562 {N
1643 515 1782 563 cAP.
1829 514 1933 560 xv1
1974 515 2251 562 JoANNIS.
2298 535 2379 544 —
2418 517 2561 563 ΛΒΤ.
2608 518 2684 563 xt.

3346 499 3462 563 561

351 681 567 745 fertur
613 685 898 760 omnino,
931 688 1042 749 sed
1091 686 1218 751 cito
1267 695 1410 770 post
1458 689 1622 750 hanc
1667 687 1858 750 vitam
1889 682 1942 744 Α
1972 651 2072 748 dio
2120 705 2250 768 quo
2304 686 2588 749 Christus
2636 686 2728 748 eis
2775 685 3092 768 apparuit,
3137 705 3263 748 non
3316 703 3465 748 eum

354 781 716 862 perficitur,
741 791 932 865 atque
963 785 1276 848 internam
1309 785 1713 848 stabilitatem
1746 803 1862 846 sor·

357 881 539 942 titur.

457 982 546 1040 Ec
595 983 666 1041 in
719 981 836 1042 illo
885 985 992 1042 die
1039 1003 1140 1044 me
1194 1003 1322 1044 non
1377 984 1861 1060 interroqabicis

353 1078 747 1157 quidquam.
798 1079 862 1142 Si
923 1099 1038 1163 per
1085 1081 1204 1145 hoc
1253 1082 1426 1164 quod
1475 1082 1583 1156 ait,
1635 1081 1702 1142 In
1751 1080 1860 1143 illo

355 1174 484 1249 die,
522 1176 915 1258 intelligatur
953 1187 1153 1242 totum
1202 1187 1456 1262 tempus
1499 1199 1534 1240 a
1581 1197 1864 1241 resurre-

355 1275 572 1338 ctione
622 1295 828 1358 usque
875 1279 952 1339 ad
1001 1280 1460 1352 ascensionem,
1514 1298 1640 1341 non
1691 1278 1864 1340 vide-

352 1379 463 1434 tur
512 1393 702 1455 posse
740 1375 970 1439 salvari
1015 1377 1134 1440 hoc
1175 1377 1464 1440 verbum.
1497 1376 1650 1439 Nam
1697 1377 1864 1439 inter

355 1471 531 1533 diem
571 1476 1056 1538 resurrectionis
1097 1482 1158 1537 et
1192 1476 1628 1539 ascensionem
1667 1476 1864 1540 domi-

357 1569 595 1645 nicam,
627 1572 912 1653 Apostoli
963 1573 1510 1654 interrogaverunt
1553 1593 1566 1636 :
1610 1574 1763 1656 quia
1801 1581 1862 1636 et

358 1666 581 1730 Petrus
630 1670 790 1733 dixit
837 1673 915 1734 ad
959 1671 1280 1735 Christum
1330 1674 1408 1735 de
1453 1673 1712 1754 Joanne‚
1748 1674 1865 1737 Do-

359 1768 558 1842 mine,
614 1769 720 1831 hic
766 1777 978 1833 autem
1027 1771 1229 1852 quid?
1273 1773 1528 1853 quando
1578 1772 1862 1835 Christus

1970 784 2539 865 interrogaverunt.
2572 784 2726 846 Nam
2774 791 2835 846 et
2883 783 3299 864 Evangelistae
3337 803 3463 847 non

1971 882 2256 945 referunt
2293 884 2623 965 Apostolos
2664 884 3081 963 interrogasse
3120 882 3461 955 Christum,

1970 981 2093 1043 nisi
2152 983 2322 1063 quod
2380 983 2550 1064 apud
2605 982 2907 1044 Ioannem
2965 981 3195 1062 legitur
3246 980 3464 1042 Petrus

1971 1080 2410 1161 interrogasse,
2446 1089 2509 1143 ct
2546 1080 2845 1162 discipuli
2896 1081 2960 1142 in
3000 1079 3260 1142 Actibus
3303 1080 3467 1161 Apo-

1970 1179 2301 1242 stolorum.
2326 1178 2687 1241 Secundum
2720 1179 2861 1253 hoc,
2896 1197 3119 1241 sensus
3146 1185 3312 1240 esset
3346 1197 3360 1240 ε
3396 1178 3463 1239 ln

1971 1281 2079 1342 illo
2129 1281 2233 1342 die
2279 1287 2515 1341 tantam
2567 1279 3099 1342 illuminationem
3140 1278 3241 1342 vel
3281 1279 3467 1341 certi-

1972 1379 2258 1440 tudinem
2308 1378 2469 1441 dabo
2512 1378 2693 1441 vobis
2742 1379 2819 1440 de
2866 1397 3005 1439 mea
3060 1377 3467 1440 resurrectio—

1975 1496 2072 1555 ne,
2114 1477 2287 1559 quod
2336 1495 2460 1539 non
2506 1476 2627 1538 erit
2678 1493 2937 1538 necesse
2977 1475 3220 1556 aliquid
3274 1475 3467 1536 inter-

1975 1593 2210 1657 rogare.
2272 1575 2534 1647 Quidam
2598 1593 2748 1638 vero
2808 1573 3094 1636 referunt
3154 1575 3233 1636 ad
3292 1574 3462 1636 diem

1972 1674 2361 1748 aeternitatis,
2418 1674 2483 1735 in
2551 1693 2680 1755 quo
2743 1673 3046 1754 gaudium
3113 1672 3461 1734 electorum

1973 1779 2470 1847 consummatur,
2506 1790 2623 1834 nec
2666 1770 2910 1852 aliquid
2956 1770 3118 1832 ultra
3159 1769 3464 1833 molestiae

358 1868 663 1948 apparuit
690 1869 783 1930 eis
813 1871 889 1931 ad
930 1887 1104 1931 mare
1135 1869 1506 1932 Tiberiadis.
1540 1872 1608 1933 In
1647 1891 1864 1934 ascen·
1898 1871 1944 1933 B
1975 1871 2231 1954 patitur.
2284 1871 2458 1933 Tunc
2516 1870 2684 1931 enim
2745 1869 2913 1931 Beati
2974 1869 3134 1931 nihil
3194 1869 3462 1932 interro-

359 1965 542 2029 sione
599 1985 876 2049 quoque,
939 1969 1052 2050 qui
1111 1977 1539 2032 convenerant
1595 1969 1862 2034 interro—

1035 2066 1319 2142 Domine,
1362 2067 1412 2128 si
1463 2068 1526 2130 in
1580 2079 1862 2151 tempore

359 2163 482 2227 hoc
541 2164 836 2227 restitues
899 2183 1166 2246 regnum
1223 2165 1466 2228 Israel?
1525 2166 1588 2228 Si
1647 2173 1860 2230 autem

355 2269 568 2325 textus
619 2262 866 2326 dicatur
914 2263 1170 2339 habere,
1209 2263 1285 2326 Et
1333 2265 1395 2326 in
1447 2265 1559 2329 illo
1607 2267 1708 2328 die
1758 2285 1861 2328 me

361 2378 484 2423 non
531 2363 842 2438 royabicis
883 2363 1260 2444 quidquam,
1299 2382 1520 2426 rursus
1570 2365 1862 2427 instanti-

221 2476 294 2516 2.
356 2478 462 2522 am
512 2459 773 2541 patitur,
824 2461 978 2541 quia
1029 2461 1218 2542 paulo
1266 2469 1408 2542 post
1454 2462 1689 2524 dicitur
1732 2482 1744 2526 :
1793 2465 1856 2526 ln

359 2557 471 2620 illo
519 2559 622 2620 die
672 2558 738 2621 in
791 2558 1044 2621 nomine
1094 2577 1235 2622 meo
1287 2560 1534 2640 petetis.
1569 2559 1694 2622 Nec
1743 2562 1860 2623 du-

357 2655 543 2718 bium
580 2657 740 2739 quin
781 2657 948 2720 inter
979 2658 1507 2720 resurrectionem
1541 2667 1602 2720 et
1640 2678 1858 2722 ascen-

356 2755 606 2818 sionem
645 2755 929 2838 Apostoli
970 2756 1290 2838 deprecati
1335 2757 1462 2819 sint
1505 2756 1748 2820 Patrem
1790 2759 1855 2820 in

354 2855 616 2918 nomine
669 2855 925 2919 Christi.
974 2855 1036 2918 Si
1087 2875 1236 2920 vero
1289 2858 1460 2939 quod
1510 2857 1617 2932 ait,
1667 2859 1735 2920 ln
1783 2859 1860 2922 il-

352 2950 416 3015 lo
460 2952 586 3027 die,
634 2952 947 3016 referatur
988 2954 1067 3016 ad
1117 2954 1286 3016 diem
1338 2953 1852 3028 determinatum,

1969 1978 2140 2050 gant,
2178 1988 2385 2051 neque
2432 1976 2673 2050 rogant,
2708 1974 3017 2049 quantum
3066 1967 3145 2029 ad
3195 1984 3268 2029 ea
3315 1986 3461 2048 quae

1969 2070 2047 2130 ad
2105 2067 2441 2130 essentiale
2491 2067 2825 2149 praemium
2878 2065 3219 2148 pertinent.
3272 2063 3463 2126 Orant

1969 2175 2179 2228 tamen
2224 2185 2337 2247 pro
2377 2167 2555 2246 aliis;
2590 2173 2652 2227 et
2695 2166 2773 2226 de
2821 2163 3206 2246 quibusdam
3255 2163 3465 2245 operi-

1969 2264 2089 2327 bus
2137 2265 2270 2339 Dci,
2307 2284 2473 2326 unus
2521 2264 2741 2338 alium,
2774 2271 2836 2324 et
2882 2280 3103 2324 omnes
3144 2260 3460 2323 Christum

1969 2365 2355 2444 interrogare
2398 2370 2683 2445 possunt,
2716 2361 3255 2443 quemadmodum
3287 2360 3465 2423 Chri-

1967 2471 2062 2525 sto
2107 2463 2509 2536 ascendente,
2541 2460 2749 2541 angeli
2800 2460 2965 2522 inter
3008 2477 3075 2522 se
3126 2460 3463 2540 conquire-

1966 2562 2117 2624 bant
2153 2579 2165 2624 :
2201 2560 2349 2633 Quis
2399 2567 2493 2622 est
2540 2559 2658 2621 iste
2705 2558 2817 2639 qui
2870 2558 3042 2620 venit
3090 2558 3167 2619 de
3220 2556 3749 2628 Edom212.m··.1.

1967 2659 2061 2733 Et,
2113 2657 2263 2732 Quis
2321 2666 2417 2721 est
2473 2659 2591 2720 iste
2649 2676 2756 2719 rex
2812 2657 3081 2739 gloriae?
3135 2655 3454 2719 Christum
3521 2677 3605 2782 Ρίιὸ
3640 2690 3753 2728 xxm,

3509 2804 3753 2854 nunni.

1965 2776 2224 2839 quoque
2281 2757 2751 2838 interrogabant
2810 2774 2822 2817 :
2882 2754 3083 2827 Quare
3138 2773 3287 2835 ergo
3344 2774 3451 2816 ru·
3486 2803 3507 2844 Ι

1965 2856 2155 2918 brum
2186 2864 2281 2917 est
2320 2856 2765 2918 indumentum
2798 2856 3023 2916 tuum?
3055 2858 3202 2928 etc.,
3236 2871 3457 2915 secun-

1968 2955 2119 3017 dum
2152 2956 2322 3036 quod
2356 2953 2685 3036 Dionysius
2723 2960 2785 3015 et
2814 2953 3231 3033 Hieronymus
3264 2952 3461 3016 verba

355 3051 690 3133 probabile
728 3051 930 3115 videri
974 3059 1180 3134 potest
1217 3054 1388 3134 quod
1429 3052 1646 3133 aliquo
1688 3061 1859 3116 certo
1896 3052 1939 3116 C
1970 3052 2142 3114 Isaiae
2185 3059 2534 3134 exponunt.

1444 3431 2096 3518 ARTICULUS
2176 3431 2318 3516 XL

509 3677 824 3725 Exposl‘rto
869 3676 1142 3722 RESIDUAE
1185 3677 1402 3723 PAR'rls
1446 3677 1632 3722 umus
1677 3658 2377 3724 CAPITULt'snxTIDEcfflt
2424 3679 2437 3723 :
2486 3679 2676 3739 AREN,
2721 3678 2891 3724 AREN
2932 3677 3067 3726 mco
3110 3679 3303 3740 vonis,

939 3773 994 3820 SI
1038 3774 1180 3829 QUID
1223 3775 1556 3820 PE‘l’tssanls
1600 3775 1846 3820 PATREM
1888 3774 1951 3819 IN
1993 3774 2224 3820 NOMINE
2266 3775 2409 3834 MEO,
2454 3776 2636 3821 namt·
2680 3777 2875 3822 voms.

500 4033 726 4099 MEN,
771 4051 958 4093 amen
1009 4033 1154 4091 dico
1201 4029 1403 4098 υοόἰε,
1440 4030 1501 4088 si
1529 4031 1711 4108 quid
1759 4047 1855 4090 sa-

1963 4029 2319 4110 quirantur.
2358 4030 2530 4094 Unde
2580 4033 2930 4094 secundum
2974 4031 3453 4109 Damascenum,

518 4128 704 4191 lubre
742 4137 806 4191 et
843 4130 1073 4192 decens
1103 4128 1420 4205 petieritis
1451 4127 1761 4188 instanter
1795 4133 1856 4188 et
1963 4127 2163 4190 oratio
2192 4135 2287 4189 est
2326 4129 2548 4210 petitio
2582 4130 2942 4193 decentium
2981 4151 3018 4193 a
3048 4129 3193 4194 Deo.
3228 4130 3459 4194 Secun-

357 4247 477 4310 pro
539 4226 720 4291 vobis
768 4230 1036 4289 Patrem
1093 4227 1414 4290 coelestcm
1473 4227 1544 4285 in
1595 4225 1856 4286 nomine
1887 4225 1934 4286 D
1964 4227 2064 4300 do,
2103 4234 2171 4288 ut
2200 4225 2633 4290 indesinenter
2662 4246 2808 4290 cum
2842 4229 3029 4310 plena
3056 4227 3293 4291 l'iducia
3322 4238 3459 4293 oret

360 4347 524 4396 meo,
553 4326 618 4388 id
658 4334 754 4387 est
794 4343 908 4406 per
945 4343 1047 4387 me
1085 4324 1192 4386 Dei
1231 4343 1306 4386 ac
1355 4322 1687 4386 hominum
1728 4341 1858 4384 me-
1963 4325 2131 4405 quis‚
2183 4325 2431 4388 dicente
2479 4326 2777 4408 Apostolo
2825 4345 2839 4389 :
2887 4326 3035 4388 Sine
3083 4327 3459 4391 intermissi·
3506 4343 3748 4393 meam,

359 4425 693 4498 diatorem,
728 4441 845 4505 per
882 4423 1182 4485 virtutem
1228 4421 1540 4504 passionis
1584 4439 1761 4496 meae,
1795 4428 1858 4482 et
1963 4441 2084 4486 one
2131 4430 2343 4502 orate3
2396 4433 2460 4487 et
2502 4424 2769 4488 Jacobus
2814 4443 2827 4488 :
2872 4425 3147 4489 Postulet
3190 4426 3457 4509 (inquit)
3489 4407 3735 4521 'ngbd'ss‘

357 4524 588 4585 merita
634 4523 921 4585 omnium
969 4540 1113 4603 quae
1165 4539 1280 4603 pro
1328 4521 1607 4582 humana
1654 4520 1857 4582 salute

356 4621 704 4702 assumpsi,
755 4619 878 4682 feci
927 4639 1000 4681 ac
1049 4618 1304 4700 pertuli,
1358 4636 1472 4700 per
1520 4619 1858 4680 incarnati-

355 4737 570 4793 onem,
623 4718 1190 4792 conversationem,
1241 4717 1695 4798 obedientiam,
1752 4736 1858 4798 pa-

357 4817 650 4880 tientiam
699 4835 947 4895 meam3
997 4818 1182 4876 dabit
1231 4815 1406 4876 vobis
1449 4835 1472 4874 .·
1517 4822 1579 4876 et
1625 4814 1678 4876 si
1729 4833 1854 4877 non

357 4917 596 4991 statim,
629 4924 842 4977 tamen
891 4922 1177 4995 tempore
1225 4920 1622 4995 opportun03
1657 4913 1757 4974 vel
1803 4912 1854 4974 si

357 5035 488 5079 non
519 5015 584 5077 id
614 5014 786 5095 quod
818 5012 1054 5094 petitiS,
1087 5019 1299 5074 tamen
1328 5011 1572 5092 aliquid
1603 5010 1853 5073 melius·

439 5113 532 5175 Ad
571 5110 1119 5174 exaudibilitatem
1161 5127 1394 5191 nempe
1429 5109 1754 5184 orationiS,
1791 5117 1860 5171 ut

359 5213 602 5275 dictum
657 5218 776 5284 est,
829 5210 962 5274 haec
1020 5208 1140 5271 tria
1199 5208 1616 5290 requiruntur
1666 5215 1859 5290 atque

358 5309 702 5373 sufficiunt
753 5327 766 5370 :
817 5306 1048 5382 Primo,
1101 5313 1171 5368 ut
1218 5325 1366 5371 vere
1417 5307 1715 5369 salutaria
1765 5325 1860 5369 re-

610 5443 676 5493 T.
711 5441 790 5492 12.

1966 4521 2029 4582 in
2061 4520 2213 4595 fide,
2250 4521 2409 4583 nihil
2450 4522 2767 4584 haesitanS.
2804 4523 3033 4598 Tertio,
3071 4531 3139 4585 ut
3176 4532 3311 4586 oret
3339 4544 3456 4606 pro

1966 4638 2053 4681 se.
2103 4619 2279 4691 Quod
2329 4621 2489 4695 dico,
2544 4639 2669 4683 non
2724 4621 2904 4703 quasi
2966 4641 3092 4684 non
3142 4622 3223 4684 sit
3274 4641 3459 4686 oran-

1966 4719 2118 4781 dum
2162 4737 2277 4800 pro
2314 4718 2476 4794 aliis,
2512 4737 2713 4800 quum
2748 4717 3015 4783 Iacobus
3055 4719 3244 4800 dicat,
3276 4719 3458 4783 Orate
3483 4734 3661 4787 man.
3683 4737 3752 4782 ω.

1967 4835 2083 4898 pro
2131 4817 2430 4891 invicem,
2466 4825 2535 4879 ut
2572 4817 2945 4898 salvemini3
2976 4819 3083 4880 sed
3128 4819 3280 4900 quia
3322 4838 3459 4883 ora-

1967 4915 2077 4989 tio,
2123 4915 2313 4978 etiarn
2360 4915 2538 4996 justi,
2581 4916 2876 4996 quamvis
2924 4916 3216 4979 salutaris
3262 4925 3454 5000 atque

1965 5013 2238 5088 assidua,
2272 5013 2591 5077 interdum
2624 5032 2750 5076 non
2780 5014 3113 5077 exauditur
3144 5035 3261 5098 pro
3290 5016 3453 5090 aliis,

1968 5120 2228 5194 propter
2266 5111 2703 5192 indignitatem
2742 5119 2806 5174 et
2844 5112 3324 5194 incapacitatem
3366 5133 3461 5178 eo-

1967 5229 2131 5284 rum,
2186 5210 2489 5292 quoniam
2546 5211 2979 5273 indesinenter
3036 5210 3285 5275 obicem
3346 5233 3459 5296 po-

1968 5314 2130 5370 nunt
2182 5307 2398 5388 gratiae
2446 5306 2577 5369 Dei.
2630 5307 2890 5390 Propter
2936 5309 3107 5389 quod
3156 5307 3460 5373 Dominus

3151 5444 3214 5496 36
