4300 6259
765 796 1776 985 ENARRATIO
1851 856 2026 977 IN
2105 855 3226 982 EVANGELIUM

573 1197 2203 1477 SECUNDUM
2416 1228 3425 1396 LUGAM

1436 1972 2167 2059 ARTICULUS
2252 1974 2565 2059 XXVI

804 2212 1156 2293 amanum
1209 2246 1486 2294 cam-mu
1536 2246 1745 2293 uacua
1799 2246 1812 2291 ε
1867 2246 2016 2292 rosa·
2069 2246 2203 2293 ime
2255 2248 2459 2293 Ati-rau
2509 2248 2875 2295 nastenavrr
2926 2250 3192 2297 pommus

1389 2330 1394 2335 '
1512 2344 1588 2391 m·
1630 2344 1805 2391 auos
1850 2343 2271 2391 sumamma
2312 2346 2489 2393 υυοε.

577 2622 977 2710 ESCRlPTA
1012 2624 1078 2687 in
1121 2624 1508 2708 praecedenti
1540 2624 1822 2707 capitulo
1853 2622 1949 2685 in-
1976 2622 2155 2686 Avis
2204 2626 2377 2687 enim
2426 2627 2645 2689 decem
2696 2627 2902 2690 tribus
2952 2636 3105 2691 tunc
3153 2637 3351 2712 captae
3396 2628 3558 2693 fuis-

595 2722 968 2797 structione,
1001 2743 1074 2786 ac
1114 2724 1441 2803 missione,
1473 2731 1536 2785 et
1579 2722 1946 2786 corrobora·
2056 2730 2219 2797 sent,
2282 2724 2468 2786 multi
2524 2733 2738 2788 tamen
2798 2727 2876 2788 de
2930 2727 3219 2809 qualibet
3270 2727 3555 2790 tribuum

429 2822 608 2885 tione
646 2822 1097 2904 Apostolorum
1143 2823 1221 2884 ad
1274 2822 1772 2905 praedicandum,
1811 2820 1944 2902 jam
2053 2820 2310 2883 illarum
2357 2822 2525 2905 capti
2570 2843 2697 2887 non
2738 2833 2937 2899 erant,
2972 2832 3034 2887 et
3077 2825 3143 2888 in
3190 2833 3358 2888 terra
3404 2827 3557 2888 dua-

432 2920 820 2985 inferiorum
857 2920 1323 3003 discipulorum
1367 2920 1753 2996 informatio,
1796 2938 1945 2982 con-
2055 2938 2199 2981 rum
2247 2919 2556 2995 tribuum,
2594 2941 2669 2985 ac
2714 2922 2867 2984 alibi
2918 2923 3069 2985 hinc
3117 2924 3267 2986 inde
3314 2924 3556 2987 habita-

431 3020 740 3095 firmatio,
789 3039 864 3081 ac
913 3020 1249 3083 destinatio
1301 3021 1379 3082 ad
1443 3019 1938 3102 praedicandum,
2053 3025 2304 3079 verunt.
2829 3016 2833 3022 ’

432 3118 842 3181 describitur.
879 3121 1032 3181 Post
1069 3121 1204 3181 lzaec
1239 3129 1484 3188 autem,
1524 3136 1669 3199 quae
1710 3134 1942 3199 praece-

429 3216 606 3279 denti
639 3216 922 3299 capitulo
951 3224 1101 3278 sunt
1136 3216 1413 3289 recitata,
1447 3216 1842 3293 desiqnavic,
1877 3214 1941 3277 id

427 3322 547 3389 est,
579 3333 618 3376 a
647 3334 716 3377 se
747 3315 922 3377 intus
955 3314 1187 3377 electos
1227 3313 1382 3377 foris
1427 3312 1826 3387 monstravit,
1859 3312 1938 3375 ab

423 3413 702 3495 aliisque
752 3412 1064 3486 distinxit,
1110 3420 1174 3475 et
1215 3413 1489 3495 quadam
1540 3411 1802 3494 speciali
1849 3412 1942 3474 di-

422 3511 783 3594 scipulatus
831 3511 932 3573 sui
978 3510 1183 3592 gratia
1231 3510 1574 3586 decoravit,
1619 3511 1939 3573 Dominus

417 3610 602 3672 Jesus
644 3609 955 3685 ChristuS,
998 3610 1110 3692 qui
1161 3609 1227 3671 in
1271 3615 1584 3690 quantum
1623 3608 1809 3681 DeuS,
1844 3615 1940 3669 est
2047 3604 2347 3668 lationem
2392 3614 2455 3669 et
2497 3606 3023 3671 confortationem
3051 3608 3275 3691 (frater
3314 3630 3547 3695 nempe
3586 3642 3841 3695 Pronum,

419 3708 717 3773 omnium
757 3708 1064 3771 Dominus
1105 3726 1399 3770 summus
1442 3726 1516 3769 ac
1558 3706 1936 3769 universalis
2045 3705 2160 3786 qui
2210 3705 2550 3786 adjuvatur
2585 3726 2624 3768 a
2660 3706 2873 3781 fratre,
2913 3709 3095 3790 quasi
3136 3709 3357 3773 civitas
3407 3729 3548 3774 mu-
3579 3706 3643 3749 ¹⁹·

421 3826 541 3890 per
566 3808 1033 3881 auctoritatem,
1059 3806 1190 3869 imo
1222 3792 1368 3869 cum
1401 3805 1580 3868 Patre
1610 3812 1673 3867 et
1702 3804 1940 3887 Spiritu
1973 3804 2020 3865 B
2050 3804 2241 3885 nita);
2284 3812 2477 3887 atque
2516 3805 2597 3868 ob
2638 3804 2919 3869 veritatis
2960 3807 3377 3888 praedicandae
3414 3827 3549 3872 cer-

419 3906 654 3969 Sancto
682 3924 850 3969 unus
883 3904 1060 3980 Deus
1083 3922 1382 3986 unusque
1413 3902 1938 3967 DominuS.P01-ro
2047 3902 2275 3965 tiorem
2329 3904 2871 3979 contestationem,
2922 3905 3074 3987 quia
3122 3906 3189 3967 in
3236 3924 3345 3969 ore
3393 3908 3548 3971 duo-
3603 3936 3841 3988 pamm,

419 4006 782 4067 secundum
815 4012 1109 4066 naturam
1137 4009 1530 4084 assumptam
1562 4001 1774 4075 etiam,
1809 4019 1940 4064 om·
2050 4019 2193 4063 rum
2235 4000 2513 4065 triumve
2555 4002 2816 4064 testium
2858 4010 2979 4065 stat
3019 4021 3208 4066 omne
3253 4005 3541 4068 verbum.
3577 4001 3645 4043 ¹⁵·

421 4104 490 4165 ni
533 4102 834 4186 praelatus
883 4109 980 4164 est
1028 4109 1356 4175 creaturae,
1391 4108 1453 4161 et
1497 4099 1800 4190 Dominus
1845 4106 1939 4161 est
2047 4098 2205 4162 Aliae
2233 4117 2439 4162 causae
2477 4101 2809 4163 traduntur
2843 4120 2857 4163 ε
2891 4102 3196 4183 quoniam
3235 4103 3361 4166 duo
3398 4112 3549 4167 sunt

421 4203 612 4285 quasi
645 4220 760 4285 per
789 4200 1323 4263 subservientiam
1359 4198 1936 4279 instrumentalem,
2050 4198 2327 4260 caritatis
2369 4206 2703 4281 praecepta,
2739 4206 2801 4261 et
2844 4199 2998 4261 bina
3034 4199 3296 4263 fuerunt
3336 4201 3402 4264 in
3450 4222 3549 4264 ar-
3578 4228 3840 4280 amma,

2131 3118 2219 3175 Et
2257 3118 2438 3177 misit
2476 3118 2623 3177 illos
2662 3120 2861 3179 binos.
2902 3118 3025 3181 Cur
3075 3119 3423 3202 discipulos
3470 3121 3549 3182 ad
3600 3140 3613 3155 ·

2050 3213 2523 3293 praedicandum
2586 3215 2831 3277 miserit
2879 3216 3273 3281 combinatos
3327 3227 3552 3301 praeta-
3602 3239 3842 3294 mapsa,

2049 3318 2223 3373 ctum
2280 3319 2396 3387 est,
2451 3319 2513 3373 et
2566 3313 2697 3394 jam
2755 3313 3035 3378 breviter
3086 3317 3259 3397 tangi
3318 3325 3545 3399 potest.
3582 3304 3649 3346 ¹⁹·

2046 3406 2258 3471 Primo
2285 3410 2459 3472 enim
2491 3410 2611 3473 hoc
2638 3410 2792 3474 fecit
2823 3413 2900 3474 ad
2931 3414 3181 3476 socialis
3213 3415 3359 3478 vitae
3387 3434 3551 3479 com-

2047 3508 2554 3589 mendationem3
2594 3510 2823 3572 deinde
2867 3510 2949 3573 ob
2994 3520 3283 3574 mutuam
3330 3532 3550 3577 conso—

420 4309 486 4365 et
533 4308 913 4383 potestatem
963 4299 1406 4382 participatam
1453 4316 1528 4359 ac
1577 4297 1941 4379 dependen-

420 4408 578 4463 tem.
631 4402 720 4461 Ec
768 4399 934 4459 alios
981 4397 1400 4475 septuaqinta
1446 4398 1608 4455 duos
1659 4394 1942 4477 discipu-

421 4499 520 4562 los
541 4498 690 4580 :qui
723 4498 1078 4559 secundum
1107 4495 1351 4569 Bedam,
1374 4493 1940 4575 praefiguraverunt

421 4598 854 4681 presbyteroS,
898 4595 1066 4659 sicut
1105 4592 1390 4677 Apostoli
1443 4592 1643 4655 sancti
1693 4592 1939 4674 episco-

419 4716 564 4780 pos.
607 4696 682 4759 Et
726 4696 909 4777 juxta
956 4695 1278 4769 eumdem,
1323 4693 1489 4755 bene
1537 4692 1937 4775 septuaginta

419 4797 553 4859 duo
597 4796 962 4869 mittuntur,
996 4792 1149 4875 quia
1195 4793 1460 4856 totidem
1510 4791 1735 4854 mundi
1783 4809 1938 4873 gen·

418 4894 598 4957 tibus
650 4892 863 4956 fuerat
909 4890 1322 4973 Evangelium
1386 4890 1861 4974 praedicandum
1916 4908 1930 4952 :

2048 4315 2189 4359 cam
2236 4296 2435 4359 sancti
2483 4296 2612 4361 Noe
2658 4298 2958 4359 animalia
3005 4297 3239 4378 missa3
3291 4301 3401 4362 sed
3450 4300 3549 4364 hae

2049 4414 2253 4457 causae
2300 4403 2449 4457 sunt
2496 4397 2785 4478 quaedam
2835 4396 3291 4479 adaptationeS.
3328 4398 3546 4481 ltaque

2048 4493 2443 4557 combinatos
2476 4494 2651 4557 misit
2678 4506 2825 4557 ante
2851 4497 3089 4573 faciem
3116 4517 3326 4567 suam,
3357 4497 3420 4560 id
3450 4506 3549 4560 est

2047 4592 2336 4654 facialem
2388 4593 2787 4675 praesentiam
2837 4594 3228 4676 corporalem
3282 4614 3295 4659 :
3343 4615 3545 4678 quum

2043 4699 2255 4755 tamen
2289 4692 2426 4774 ipse
2456 4693 2800 4755 secundum
2828 4692 3179 4755 divinitatis
3209 4694 3548 4757 incircum-

2045 4790 2467 4873 scriptibilem
2518 4790 2911 4872 majestatem
2966 4791 3207 4874 ubique
3256 4793 3339 4855 sit
3386 4812 3547 4875 prae—

2045 4906 2231 4969 sens3
2273 4890 2347 4948 in
2395 4908 2647 4950 omnem
2683 4890 3011 4950 civitatem
3056 4900 3116 4951 et
3163 4894 3371 4952 locum
3418 4912 3543 4971 quo

419 4994 968 5076 quemadmodum
996 4991 1268 5055 ordinati
1299 5010 1374 5055 ac
1403 4989 1581 5051 missi
1613 4996 1762 5051 sunt
1792 4989 1935 5051 duo·
1971 4987 2014 5051 C
2043 4996 2180 5048 erat
2228 4988 2362 5063 ipse
2410 4995 2747 5057 venturus,
2797 4986 2861 5049 id
2920 4995 3035 5063 est,
3084 4995 3215 5049 tam
3272 4990 3351 5051 ad
3408 4988 3547 5053 loca

419 5093 636 5155 decim
679 5090 991 5174 Apostoli,
1044 5091 1198 5173 quia
1245 5088 1581 5152 duodecim
1634 5085 1932 5149 tribubus

291 5137 894 5327 {lsraelsutpote
940 5188 1266 5271 aliquibus
1316 5188 1396 5249 de
1436 5186 1774 5250 duodecim
1824 5186 1936 5248 tri-

279 5294 400 5369 μ
425 5290 662 5366 bubus,
704 5289 962 5352 fuerant
1003 5287 1215 5371 primo
1253 5284 1676 5370 praedicaturi.
1711 5284 1934 5357 Quam-

677 5424 744 5475 T.
783 5424 863 5475 12.

2043 5084 2285 5166 majora
2320 5103 2514 5166 quam
2552 5084 2799 5147 minora
2834 5105 2978 5167 quae
3019 5085 3158 5167 ipse
3196 5087 3409 5151 fuerat
3444 5106 3546 5152 ac-

2042 5202 2360 5259 cessurus,
2397 5190 2466 5244 ut
2494 5182 2794 5265 discipuli
2839 5184 2944 5245 isti
2978 5185 3110 5247 suis
3152 5186 3544 5268 praedicatio-

2043 5282 2256 5358 nibuS,
2288 5281 2614 5344 miraculis
2641 5289 2705 5344 et
2732 5282 3062 5366 exempliS,
3089 5283 3384 5347 homines
3415 5306 3544 5349 car-

3258 5418 3286 5468 1
