4300 6259
587 2701 777 2780 41.ηῇ

591 3059 730 3104 Ηοόν.

615 3357 691 3400 Pa.
704 3369 788 3405 xxi,
829 3387 841 3398 .

871 493 993 559 220

1631 511 1984 559 numano
2026 511 2091 558 m
2132 511 2271 556 cAP.
2317 509 2449 556 xxn
2492 509 2679 558 LUCAE.
2726 527 2808 540 --
2847 509 2989 555 Am.
3034 508 3221 554 xnvm

867 683 1102 765 Itaque,
1147 687 1498 748 secundum
1545 684 1710 747 hanc
1752 684 2138 747 voluntatem
2188 690 2365 744 natu·
2396 681 2447 742 A
2477 681 2649 762 quod
2689 679 3039 742 ineffabilis
3068 679 3253 754 DeuS,
3287 696 3540 742 omnem
3576 676 3969 740 intellectum

871 781 1064 844 ralcm
1099 791 1160 845 et
1191 783 1580 858 sensitivam,
1601 803 1745 865 quae
1775 791 1983 844 tamen
2017 781 2366 863 improprie

2479 780 2953 858 transcendens,
2986 779 3189 841 voluit
3218 779 3283 839 in
3316 785 3493 840 utero
3521 777 3793 858 Virginis
3822 793 3975 838 con-

871 881 1236 944 nominatur
1284 884 1596 956 voluntas,
1639 883 1880 964 optavit
1926 888 2118 962 atque
2166 880 2368 942 oravit
2478 878 2631 959 cipi,
2666 878 2763 940 lac
2801 895 3047 958 sugere,
3082 886 3145 939 et
3181 878 3459 939 humana
3498 893 3769 957 qumque
3812 874 3967 956 pati.

872 979 1159 1042 Christus
1200 981 1461 1044 calicem
1503 982 1696 1043 istum
1736 978 1973 1042 auferri
2003 999 2040 1041 a
2071 997 2179 1059 se3
2222 977 2368 1039 fuit-

871 1097 998 1160 que
1032 1080 1151 1141 ista
1189 1081 1409 1155 oratic,
1444 1080 1765 1163 appetitus
1805 1079 2092 1141 sensitivi
2136 1086 2207 1140 ut
2244 1096 2370 1141 mo-

873 1177 1076 1239 ventis
1135 1180 1210 1240 ad
1279 1180 1788 1261 proponendum,
1849 1186 1912 1239 et
1974 1177 2235 1240 rationis
2302 1184 2366 1237 ut

873 1277 1306 1357 proponentiS‚
1349 1278 1882 1358 quemadmodum
1926 1275 2217 1356 allegatio
2257 1275 2371 1336 ali-

869 1392 997 1456 qua
1025 1393 1236 1437 coram
1264 1375 1478 1455 judice
1511 1376 1744 1438 dicitur
1783 1376 1979 1457 partis
2013 1382 2082 1436 ut
2111 1392 2369 1437 moven-

873 1472 974 1544 tis,
1008 1481 1069 1534 et
1111 1475 1395 1536 advocati
1441 1482 1510 1535 ut
1555 1473 1988 1556 proponentis.

954 1571 1238 1653 Denique
1274 1572 1482 1635 omnis
1525 1572 1725 1635 oratio
1766 1571 1995 1635 Christi
2041 1589 2233 1652 quam
2272 1570 2371 1632 fu-

874 1669 966 1730 dit
1024 1687 1100 1731 ex
1159 1670 1400 1734 ratione
1457 1678 1519 1732 et
1574 1670 1897 1734 voluntate
1957 1669 2367 1732 intellectuali

874 1767 1306 1842 deliberativa,
1348 1767 1474 1831 fuit
1515 1786 1767 1850 semper
1805 1769 2096 1830 exaudita
2130 1785 2144 1830 :
2180 1775 2243 1829 et
2285 1775 2373 1830 ta-

2478 975 2784 1049 Quoniam
2836 994 2984 1056 ergo
3029 975 3163 1037 fere
3200 975 3575 1039 incredibile
3618 982 3753 1036 erat
3796 973 3971 1054 quod

2482 1084 2615 1137 erat
2656 1075 2967 1150 futurum,
3022 1076 3231 1157 primo
3281 1074 3587 1156 praemisit
3630 1073 3975 1154 Prophetas

2483 1175 2600 1237 hoc
2631 1175 2993 1237 nuntiantes
3020 1193 3035 1254 3
3080 1182 3295 1256 postea
3326 1174 3463 1256 ipse
3492 1173 3755 1235 indutus
3784 1189 3975 1233 carne

2485 1273 2765 1342 veniens,
2812 1279 2880 1334 ut
2918 1291 3045 1336 non
3090 1273 3461 1354 phantasma
3500 1277 3846 1353 putaretur,
3880 1269 3977 1331 sic

2484 1373 2797 1456 permittit
2828 1389 3083 1434 carnem
3114 1389 3293 1433 suam
3326 1371 3493 1433 ferre
3522 1369 3835 1432 naturales
3868 1369 3981 1429 de-

2484 1472 2709 1546 fectus,
2754 1471 3019 1544 esurire,
3067 1471 3267 1543 sitire,
3320 1470 3625 1543 laborare,
3672 1468 3975 1540 dormire,

2481 1570 2680 1645 affici,
2714 1578 2777 1632 et
2814 1569 3087 1650 anxiari3
3122 1571 3262 1632 ideo
3301 1576 3363 1631 et
3398 1575 3665 1633 mortem
3702 1567 3979 1629 naturali

2483 1672 2744 1734 horrore
2796 1678 3063 1745 recusat,
3118 1687 3331 1732 veram
3382 1668 3446 1729 in
3506 1685 3573 1728 se
3621 1666 3984 1728 humanita-

2481 1778 2611 1832 tem
2654 1770 3115 1832 demonstrans.

873 1865 951 1927 lis
991 1865 1189 1928 oratio
1227 1866 1461 1928 dicitur
1501 1866 1758 1948 proprie
1795 1885 1868 1928 ac
1907 1866 2195 1928 absolute
2238 1885 2372 1929 ora·
2412 1868 2455 1930 B
2568 1871 3015 1930 Verumtamen
3046 1887 3173 1927 non
3204 1885 3344 1926 mea
3374 1869 3695 1932 voluntas,
3724 1867 3829 1924 sed
3864 1872 3981 1924 tua

875 1964 982 2026 tio.
1017 1963 1224 2027 Oratio
1264 1973 1476 2027 autem
1520 1985 1714 2046 quam
1759 1963 1924 2026 fudit
1966 1983 2042 2026 ex
2083 1965 2371 2046 appetitu

876 2063 1145 2124 naturali
1184 2082 1256 2125 ac
1287 2063 1612 2138 sensitivo,
1646 2062 1879 2125 dicitur
1906 2065 2372 2143 quodammodo

876 2179 1002 2223 non
1061 2162 1376 2236 exaudita,
1431 2161 1677 2224 scilicet
1731 2163 1938 2242 quoad
1987 2162 2369 2242 materiam3

877 2260 986 2320 sed
1037 2259 1146 2321 illa
1193 2261 1392 2322 oratio
1443 2279 1567 2323 non
1617 2259 1742 2322 fuit
1786 2259 2072 2323 absoluta
2120 2268 2184 2322 et
2225 2261 2373 2322 sim-

879 2357 1131 2439 pliciter
1187 2357 1355 2420 dieta
1418 2359 1638 2421 oratio.
1699 2359 1916 2439 Itaque
1975 2366 2144 2441 patet
2201 2360 2373 2440 quod

877 2455 1087 2518 omnis
1124 2457 1322 2520 oratio
1362 2457 1615 2530 Christi,
1647 2457 1905 2539 proprie
1943 2457 2110 2520 dicta
2149 2458 2367 2532 oratic,

880 2553 1005 2616 fuit
1061 2555 1375 2618 exaudita.
1428 2555 1688 2639 Propter
1734 2557 1903 2638 quod
1963 2556 2235 2639 ipsemet
2285 2557 2376 2619 ait

645 2681 670 2710 ο
703 2681 762 2710 nn
796 2681 852 2720 xl,
884 2653 950 2716 in
995 2654 1232 2717 Joanne
1273 2672 1287 2716 ε
1332 2653 1570 2716 Gratias
1618 2673 1734 2735 ago
1783 2654 1922 2728 tibi,
1972 2653 2168 2729 Pater,
2216 2673 2372 2736 quo-

883 2751 1051 2813 niam
1084 2750 1314 2813 audisti
1347 2769 1487 2832 me;
1521 2770 1636 2832 ego
1665 2760 1876 2813 autem
1907 2751 2185 2814 sciebam
2217 2771 2376 2833 quo-

882 2850 1052 2912 niam
1092 2865 1344 2930 semper
1373 2868 1475 2911 me
1503 2850 1706 2912 audis.
1740 2850 2077 2931 Apostolus
2117 2869 2375 2933 quoque

882 2949 958 3010 ad
1008 2947 1298 3012 Hebraeos
1355 2947 1608 3019 fatetur,
1661 2949 1833 3030 quod
1891 2948 2177 3011 Christus
2228 2968 2374 3010 cum

882 3144 1117 3219 ferenS,
1161 3146 1493 3208 exauditus
1538 3153 1635 3208 est
1679 3164 1792 3227 pro
1840 3164 1953 3207 sua
1998 3147 2374 3208 reverentia.

882 3242 1095 3305 —Sed
1125 3243 1319 3324 objici
1353 3251 1578 3325 potest,
1609 3245 1780 3324 quod
1810 3245 1876 3305 in
1910 3262 2180 3326 persona
2208 3244 2381 3308 Chri-

885 3343 965 3403 sti
997 3342 1200 3404 fertur
1228 3342 1292 3404 in
1324 3341 1568 3404 Psalmo
1603 3361 1616 3405 :
1652 3343 1813 3404 Deus
1855 3361 2055 3418 mem,
2092 3342 2378 3406 clamabo

887 3459 1000 3523 per
1049 3441 1238 3515 diem,
1282 3449 1344 3502 et
1391 3460 1517 3504 non
1568 3442 1887 3503 exaudies.
1930 3441 2021 3503 Ad
2064 3443 2237 3523 quod
2286 3460 2381 3504 re—

883 3540 1348 3623 spondendum,
1393 3540 1561 3620 quod
1607 3540 1726 3602 hoc
1767 3540 2249 3621 intelligendum
2298 3541 2381 3603 sit

879 3639 956 3700 de
999 3637 1304 3721 petitione
1353 3637 1582 3701 Christi
1633 3640 1983 3701 secundum
2037 3639 2217 3720 quid,
2262 3640 2382 3701 sci-

880 3737 1028 3799 licet
1067 3737 1142 3798 de
1186 3737 1468 3800 oratione
1513 3737 1654 3817 ejus
1694 3756 1838 3819 quae
1880 3737 2230 3819 improprie
2272 3757 2381 3819 ap-

880 3835 1153 3918 pellatur
1201 3836 1420 3910 oratio,
1474 3842 1535 3897 et
1593 3854 1668 3897 ex
1729 3836 2032 3899 sensitivo
2090 3837 2379 3919 appetitu

879 3935 1190 4014 originem
1237 3934 1534 4016 sumpsit.

960 4033 1226 4114 Insuper
1264 4032 1548 4096 Christus
1586 4033 1670 4093 ita
1698 4033 1922 4108 oravit,
1955 4035 2127 4115 quod
2168 4043 2375 4096 tamen

883 4139 1144 4193 noverat
1193 4129 1336 4192 fieri
1388 4149 1513 4194 non
1565 4130 1795 4193 debere
1831 4151 1843 4194 :
1882 4133 2109 4213 primo,
2165 4140 2233 4194 ut
2282 4151 2380 4194 os-

2482 1973 2625 2046 fiat,
2667 1966 2787 2029 hoc
2828 1973 2944 2039 est,
2989 1985 3113 2029 non
3155 1964 3495 2046 impleatur
3536 1964 3707 2044 quod
3755 1981 3989 2024 secun-

2484 2068 2637 2128 dum
2677 2065 3045 2126 sensitivam
3082 2062 3491 2126 affectionem
3524 2061 3829 2136 desidero,
3870 2062 3983 2123 sed

2484 2165 2655 2246 quod
2706 2171 2775 2224 tu
2818 2163 2936 2224 vis.
2978 2162 3155 2224 Unde
3202 2163 3281 2224 de
3320 2160 3643 2224 voluntate
3690 2159 3983 2223 inferiori

2484 2271 2547 2325 et
2577 2262 2881 2324 sensitiva
2909 2261 3030 2324 hoc
3058 2260 3236 2335 dicit,
3270 2260 3619 2322 secundum
3649 2253 3837 2340 qua'm
3874 2259 3987 2320 ab·

2486 2361 2736 2424 horruit
2775 2367 3067 2423 mortem.
3102 2359 3274 2421 Istud
3312 2357 3513 2420 oravit
3552 2356 3829 2419 Christus
3874 2375 3987 2419 vo-

2485 2462 2725 2522 luntate
2784 2457 3131 2520 deliberata
3180 2475 3193 2519 :
3248 2463 3310 2518 et
3355 2457 3421 2518 in
3481 2457 3600 2518 hoc
3644 2455 3983 2518 exauditus

2483 2567 2578 2622 est
2616 2556 2927 2620 absolute.

2564 2657 2896 2734 Apparuit
2944 2664 3159 2714 autem
3208 2655 3318 2714 illi
3360 2657 3627 2730 anyelus
3672 2657 3751 2713 de
3794 2657 3979 2722 caelo,

2484 2757 2857 2834 confortans
2900 2775 3069 2815 eum.
3122 2751 3453 2814 Probabile
3508 2758 3623 2826 est,
3680 2752 3981 2832 angelum

2485 2853 2679 2917 istum
2738 2851 2937 2913 fuisse
2992 2850 3357 2912 Michaelem
3413 2857 3565 2911 tunc
3620 2849 3983 2932 principem

2488 2953 2847 3036 Synagogae,
2882 2950 3066 3031 cujus
3098 2949 3385 3012 Christus
3421 2947 3545 3010 fuit
3582 2966 3851 3030 persona
3891 2951 3988 3012 di-

751 3075 795 3111 v,
842 3091 852 3103 .
883 3046 1156 3109 clamore
1204 3047 1411 3110 valido
1457 3053 1520 3108 et
1562 3046 1841 3108 lacrimis
1890 3046 2240 3109 orationem
2288 3046 2380 3110 of·
2416 3051 2459 3114 C
2486 3050 2815 3133 guissima.
2850 3048 3161 3131 Apparuit
3198 3055 3407 3109 autem
3446 3047 3707 3128 angelus
3746 3046 3867 3109 iste
3908 3049 3989 3110 de

2492 3150 2673 3222 coelo,
2737 3148 2855 3211 hoc
2916 3153 3032 3221 est,
3094 3146 3484 3208 descendens
3546 3147 3623 3207 de
3680 3146 3862 3220 coe10‚
3927 3154 3991 3209 et

2492 3265 2690 3330 prope
2739 3265 2811 3308 ac
2859 3252 3005 3306 ante
3052 3243 3369 3307 Christum
3430 3251 3600 3305 stans
3649 3243 3992 3306 visibiliter

2491 3347 2556 3408 in
2590 3362 2853 3426 corpore
2882 3350 3243 3425 assumpt03
3278 3340 3783 3422 confortavitque
3812 3360 3987 3416 eum,

2491 3446 2609 3508 hoc
2648 3451 2763 3517 est,
2807 3442 3001 3506 verba
3048 3439 3465 3503 consolatoria
3506 3446 3569 3501 et
3615 3439 3993 3504 confortato-

2491 3543 2583 3605 ria
2630 3543 2816 3604 laude
2866 3541 3055 3622 plena
3102 3537 3482 3620 loquebatur
3518 3539 3595 3600 ad
3638 3537 3985 3614 Christum,

2490 3642 2759 3705 dicendo
2802 3659 2815 3702 :
2858 3637 2906 3700 Ο
2946 3637 3231 3711 Domine,
3264 3643 3335 3698 tu
3379 3636 3565 3699 modo
3602 3636 3991 3700 liberaturus

2490 3759 2557 3802 es
2587 3747 2788 3802 totum
2829 3737 3182 3814 mundum3
3227 3735 3389 3797 hanc
3427 3735 3644 3798 horam
3682 3743 3990 3818 tuamque

2490 3837 2973 3901 saluberrimam
3035 3833 3394 3916 passionem
3452 3831 3777 3915 Prophetae
3828 3854 3991 3917 prae—

2490 3937 2969 4008 nuntiaverunt,
3004 3941 3067 3994 et
3096 3931 3305 3994 Sancti
3340 3939 3705 4014 exspectant
3734 3933 3799 3994 in
3843 3934 3993 3996 lim-

2486 4035 2746 4099 bo.Haec
2775 4033 2909 4095 sive
2940 4031 3176 4094 similia
3205 4031 3379 4093 dixit
3399 4030 3513 4092 Per
3540 4049 3681 4112 quae
3710 4032 3991 4095 ministo-

2493 4134 2732 4196 rialiter
2764 4140 3061 4212 tanquam
3096 4129 3385 4204 servitor,
3420 4135 3483 4190 et
3511 4129 3989 4192 occasionaliter

881 4229 1168 4292 tenderet
1198 4229 1262 4290 in
1295 4247 1361 4290 se
1392 4247 1606 4291 veram
1637 4248 1774 4291 esse
1807 4231 2288 4305 humanitatem,
2318 4238 2378 4292 et
2412 4232 2462 4294 D
2491 4231 2671 4314 quasi
2736 4245 3237 4292 commemorans
3296 4234 3358 4288 et
3416 4245 3775 4308 proponens
3833 4247 3986 4290 cau-

882 4327 1201 4390 naturales
1231 4327 1372 4408 ejus
1403 4326 1806 4407 affectiones3
1840 4330 2139 4402 secundo,
2178 4339 2245 4392 ut
2276 4331 2380 4391 de-

884 4433 1261 4490 monstraret
1306 4424 1488 4488 nobis
1539 4426 1784 4488 licitum
1824 4445 1962 4490 esse
2009 4428 2252 4509 aliquid
2294 4447 2381 4490 se-

883 4526 1164 4588 cundum
1195 4524 1546 4586 naturalem
1578 4526 1932 4607 appetitum
1960 4534 2179 4608 optare
2209 4529 2380 4608 quod

886 4624 1047 4686 Deus
1093 4642 1218 4686 non
1261 4623 1437 4704 vult3
1489 4624 1696 4698 tertio,
1742 4631 1812 4685 ut
1855 4633 2233 4688 monstraret
2274 4625 2383 4688 ho-

885 4723 1126 4785 minem
1179 4722 1410 4784 debere
1463 4741 1642 4784 suam
1692 4723 2076 4785 voluntatem
2129 4742 2383 4806 semper

889 4821 1122 4885 divinae
1154 4820 1462 4884 voluntati
1503 4819 1861 4901 subjicere3
1896 4830 2142 4902 quarto,
2178 4830 2250 4884 ut
2278 4823 2384 4884 do-

891 4926 1062 4980 ceret
1114 4937 1229 4983 nos
1284 4919 1350 4980 in
1403 4919 1576 4981 omni
1637 4919 2008 4981 necessitate
2059 4922 2136 4982 ad
2186 4921 2383 4982 Deum

890 5016 1125 5079 orando
1155 5016 1527 5096 confugere3
1558 5017 1804 5097 quinto,
1839 5017 1990 5098 quia
2019 5019 2189 5098 quod
2229 5019 2385 5080 alios

895 5115 1127 5188 docuit,
1181 5115 1451 5196 ipsemet
1507 5113 1714 5177 facere
1765 5115 1985 5191 voluit,
2040 5123 2194 5198 puta
2250 5136 2388 5180 ora-

897 5231 984 5276 re.
1037 5213 1198 5276 Dicit
1242 5221 1450 5275 autem
1501 5213 1980 5294 chrysostomus
2031 5233 2044 5278 :
2093 5215 2389 5278 Conside-

897 5329 964 5372 ra
1005 5329 1197 5392 quam
1247 5330 1547 5392 magnum
1588 5319 1651 5374 et
1692 5311 1926 5374 mirum
1975 5312 2098 5375 fuit
2140 5315 2381 5390 audire,

2492 4349 2626 4392 sam
2670 4325 3146 4392 confortationis
3191 4332 3407 4388 contra
3446 4325 3765 4405 ingentem
3808 4326 3989 4389 Chri-

2492 4428 2572 4490 sti
2616 4425 2937 4488 tristitiam
2987 4442 3059 4485 ac
3108 4441 3429 4505 pavorem,
3473 4423 3789 4485 Christum
3836 4443 3989 4488 con-

2490 4525 2750 4588 fortavit
2797 4529 3107 4606 quantum
3154 4523 3231 4583 ad
3285 4528 3525 4603 partem
3576 4520 3803 4584 animae
3842 4523 3986 4604 ejus

2493 4624 2857 4688 inferiorem
2890 4641 2962 4684 ac
2992 4621 3381 4694 sensitivam,
3412 4622 3758 4683 secundum
3790 4641 3985 4702 quam

2492 4723 2704 4787 minor
2760 4729 2821 4783 et
2868 4719 3134 4783 inferior
3188 4718 3431 4799 angelis
3487 4718 3630 4780 fuit.
3683 4716 3857 4782 Unde
3907 4739 3985 4783 ex

2496 4822 2708 4884 verbis
2756 4819 2893 4881 istis
2944 4818 3230 4880 Christus
3277 4818 3466 4899 paulo
3514 4824 3656 4899 post
3704 4819 3987 4900 poenales

2496 4921 2636 4983 illas
2686 4917 3005 4980 sensitivae
3054 4916 3252 4997 partis
3298 4914 3669 4978 affectiones
3714 4917 3990 4981 minora-

2498 5020 2589 5083 vit
2649 5017 2785 5080 sive
2842 5015 3111 5078 removit
3161 5033 3174 5077 :
3230 5033 3357 5078 non
3418 5015 3586 5095 quod
3644 5014 3991 5096 indiguerit

2499 5114 2955 5180 confortatione
2993 5120 3101 5174 aut
3148 5131 3271 5195 ope
3316 5112 3617 5193 angelica,
3660 5113 3758 5176 vel
3801 5115 3987 5195 quasi

2500 5214 2757 5298 propria
2790 5213 3023 5276 virtute
3052 5231 3125 5273 ac
3157 5218 3463 5294 potestate
3498 5211 3839 5292 passioneS,
3875 5231 3987 5275 seu

2502 5313 2710 5397 potius
2747 5310 3193 5394 propassiones
3234 5309 3374 5372 illas
3413 5308 3701 5391 praefatas
3740 5310 3989 5392 mitiga-
