4300 6259
1166 525 1518 575 ansam-rio
1557 526 1622 573 m
1662 519 1802 573 aar.
1845 518 1956 573 vm
1983 518 2273 573 ‘soal-uus.
2311 520 2397 557 ·-
2436 524 2580 570 ΑΜ.
2626 522 2733 570 xxx
3381 500 3503 566 425

381 690 746 779 Sapientiae
776 698 1206 781 profluentem
1233 702 1248 760 l
1294 698 1364 761 In
1394 718 1521 781 qua
1552 690 1902 779 utique're-
1929 694 1979 756 A
2011 696 2091 759 tis
2122 696 2381 759 oculum
2422 702 2886 768 convertamuS,
2920 693 3316 758 discutiendo
3354 690 3503 756 con-2

379 797 749 878 sponsione
797 798 890 862 sic
937 806 1289 882 temperata
1345 806 1443 860 est
1493 797 1740 880 justitia
1787 816 1902 879 per
2011 796 2307 859 scientias
2356 795 2668 877 propriaS‚
2722 812 2802 857 ne
2848 793 3013 857 forte
3064 794 3130 857 in
3179 792 3499 856 similibus

377 895 927 973 misericordiam,
982 906 1044 960 et
1091 906 1368 970 econtra,
1414 898 1586 979 quod
1635 897 1902 959 nullate—
2012 895 2111 958 vel
2152 893 2551 975 gravioribus
2596 892 2768 956 vitiis
2810 892 3012 954 simus
3056 890 3427 974 culpabiles.

295 1007 306 1015 ·
377 1011 520 1055 nus
551 995 760 1076 potuit
787 996 1080 1077 judicans
1113 996 1698 1081 reprehendi.Quod
1728 994 1902 1057 enim
2109 996 2465 1055 Audiences
2521 1002 2735 1053 autem
2795 990 3031 1054 Scribae
3087 998 3149 1053 et
3203 988 3499 1052 Pharisaei

59 1801 354 1870 stov-⁸1¹¹,

33 1867 107 1907 ³0.

59 3978 262 4029 Gemut,
281 3979 358 4019 ¹9.

373 1092 578 1168 dixit,
633 1092 751 1166 Qui
802 1096 940 1158 sine
991 1103 1250 1178 peccato
1292 1104 1387 1158 est
1438 1103 1722 1159 vestrum
1773 1094 1903 1177 pri-
2011 1092 2393 1154 sententiam
2442 1091 2695 1163 Christi,
2742 1111 2917 1151 unus
2958 1099 3100 1168 post
3138 1091 3347 1149 alium
3394 1109 3501 1148 ew-

3643 993 3680 1048 9

377 1212 542 1253 mus
580 1193 858 1256 in'illam
892 1195 1166 1278 lapidem
1212 1195 1440 1269 mittat,
1475 1194 1552 1255 ad
1590 1192 1899 1275 justitiam
2010 1192 2229 1253 ibant*
2251 1192 2328 1253 de
2361 1189 2619 1272 templo.
2646 1189 2800 1251 Nam
2826 1206 2979 1252 voce
3009 1186 3345 1251 Salvatoris
3375 1185 3502 1249 vel·
3531 1198 3797 1255 ‘fincipien-

3532 1267 3596 1305 tea
3610 1275 3640 1303 α
3652 1262 3796 1305 aenio·

379 1285 791 1373 pertinebat;
843 1295 1014 1375 quod
1065 1312 1214 1357 vero
1256 1312 1372 1376 per
1420 1292 1610 1355 talem
1654 1299 1904 1353 senten-
2015 1298 2083 1351 ut
2119 1290 2246 1353 telo
2284 1290 2559 1371 quodam
2601 1306 2920 1370 percussa,
2954 1285 3219 1350 confusa
3245 1292 3307 1347 et
3336 1285 3504 1347 victa
3529 1325 3671 1381 riam]

379 1388 574 1452 tiam⁴
616 1386 1035 1472 peccatricem
1094 1392 1173 1455 de
1229 1410 1423 1454 manu
1481 1391 1739 1453 illorum
1788 1389 1904 1452 eri·
2012 1397 2191 1452 erant
2220 1389 2407 1452 corda
2450 1406 2668 1451 eorum
2718 1385 3197 1467 agnoscentium
3244 1384 3503 1466 propria

385 1488 565 1570 puit,
599 1490 1053 1553 misericordiae
1091 1490 1234 1554 fuit.
1269 1489 1315 1552 Ο
1359 1508 1550 1571 quam
1599 1488 1903 1551 facillime
2013 1488 2251 1551 scelera
2284 1506 2297 1549 :
2334 1486 2474 1550 ideo
2505 1483 2887 1548 verecundia
2925 1484 3200 1565 quadam
3233 1480 3499 1564 perfusi,

387 1586 726 1669 Sapientia
770 1588 902 1665 Dei,
946 1588 1232 1652 Christus
1281 1588 1608 1662 DominuS‚
1643 1588 1903 1668 laqueos
2011 1605 2213 1669 quum
2274 1604 2340 1647 se
2397 1585 2673 1647 invicem
2733 1584 3197 1666 adspexissent,
3260 1582 3504 1664 dejecto

392 1685 528 1747 sibi
579 1680 894 1768 expansos
939 1687 1268 1751 dissolvit!
1322 1686 1684 1750 Secundum
1733 1686 1903 1767 quod
2014 1684 2222 1767 capite
2278 1682 2786 1765 egrediebantur.
2840 1685 2923 1745 Et
2972 1682 3285 1743 remansit
3333 1683 3506 1741 solus

394 1783 702 1848 Salomon
745 1786 834 1847 ait
869 1784 1053 1849 :Non
1103 1794 1200 1848 est
1247 1786 1579 1868 sapientia,
1634 1803 1758 1848 non
1811 1792 1904 1847 est
2011 1788 2217 1854 Iesus,
2246 1792 2307 1845 et
2335 1784 2574 1843 mulier
2617 1784 2691 1843 in
2738 1784 2948 1843 medio
2992 1791 3190 1841 stans.
3239 1778 3507 1852 Quomo-

396 1883 767 1965 prudentia,
816 1902 942 1947 non
991 1892 1086 1946 est
1133 1884 1471 1947 consilium
1522 1890 1741 1947 contra
1787 1882 1906 1946 Do-
1941 1878 2094 1947 Bdo
2162 1883 2334 1947 solus
2392 1881 2717 1955 remansit,
2776 1899 2977 1962 quum
3036 1897 3154 1941 nec
3206 1878 3505 1961 discipuli

395 1982 678 2044 minum.
2013 1982 2175 2063 ejuS,
2211 2000 2326 2043 nec
2360 1980 2637 2063 populus
2688 1979 2977 2042 videatur
3024 1995 3336 2058 egressuS,
3382 1976 3506 2039 nisi

481 2084 571 2144 Et
603 2084 844 2143 iterum
870 2104 936 2143 se
964 2083 1320 2155 inclinanS,
1342 2083 1649 2141 scribebat
1678 2083 1752 2141 in
1783 2090 1904 2139 ter-
2013 2100 2159 2144 cum
2209 2099 2284 2144 eo
2332 2079 2433 2142 vel
2486 2078 2628 2160 pos‘t
2676 2080 2870 2140 eum?
2912 2077 3286 2151 Dicendum,
3336 2076 3507 2157 quod
3551 2072 3563 2075 “

389 2200 499 2240 να.
553 2180 893 2245 Reiteratio
942 2172 1114 2255 facti,
1151 2180 1655 2245 confirmationis
1701 2187 1904 2242 exstat
2011 2180 2248 2242 mansit
2284 2179 2478 2253 solus,
2514 2178 2579 2240 id
2617 2186 2714 2239 est
2752 2178 2891 2240 sine
2932 2174 3249 2258 praedictis
3288 2174 3511 2237 insidi-

389 2278 711 2341 indicium
757 2279 1258 2361 seriositatisque
1295 2278 1571 2360 signum.
1617 2278 1713 2341 An
1752 2295 1901 2341 vero
2009 2278 2315 2353 atoribus,
2362 2285 2426 2341 et
2468 2277 2703 2340 mulier
2748 2276 2811 2338 in
2858 2275 3071 2338 medio
3114 2282 3309 2353 stanS,
3356 2273 3508 2355 quia

385 2379 680 2440 secundo
729 2378 985 2461 scripsit
1037 2378 1204 2441 idem
1267 2379 1437 2460 quod
1489 2376 1718 2459 primo,
1772 2390 1926 2440 non*
2011 2376 2251 2439 incerta
2301 2376 2424 2439 fuit
2481 2375 2689 2440 adhuc
2745 2375 2901 2457 quid
2957 2373 3137 2436 Jesus
3192 2372 3507 2453 judicaret

386 2485 492 2538 est
529 2476 788 2558 penitus
829 2483 1097 2539 certum.
1133 2474 1208 2539 Et
1244 2476 1444 2558 aliqui
1476 2476 1698 2538 dicunt
1728 2476 1898 2557 quod
2009 2476 2088 2538 de
2129 2494 2223 2537 ea.

389 2574 609 2656 primo
648 2574 911 2658 scripsit
954 2576 1357 2649 sententiam,
1411 2576 1688 2637 secundo
1736 2573 1899 2635 Scri·
2087 2573 2365 2652 Eriyens
2393 2584 2609 2635 autem
2636 2594 2701 2633 se
2736 2576 2919 2634 Iesus
2946 2592 2969 2633 .·
3003 2589 3117 2654 per
3145 2589 3338 2653 quam
3369 2586 3508 2633 ere--

385 2672 624 2735 barum
669 2692 746 2737 ac
793 2673 1252 2737 Pharisaeorum
1305 2681 1580 2755 peccata,
1637 2680 1702 2733 ut
1753 2691 1901 2735 con-
2006 2672 2298 2745 ctionem,
2315 2691 2445 2736 suae
2475 2671 2724 2754 pietatis
2755 2670 3119 2751 designatur
3148 2675 3501 2751 respectus;

385 2772 750 2834 siderantes
801 2774 1058 2855 propria
1108 2772 1398 2847 crimina,
1443 2772 1820 2833 desisterent
1861 2774 1898 2832 a
2005 2772 2185 2833 dimit
2222 2772 2310 2841 ei,
2353 2770 2797 2851 interrogando
2840 2788 2966 2831 non
3007 2786 3084 2830 ex
3127 2767 3499 2849 ignorantia,

389 2869 786 2952 lapidatione
813 2871 1137 2945 adulterae,
1171 2879 1363 2953 atque
1403 2870 1672 2952 seipsos
1705 2870 1899 2933 corri-
2007 2870 2118 2933 sed
2172 2878 2241 2932 ut
2289 2870 2366 2931 ad
2424 2868 2619 2931 verba
2672 2866 2963 2929 mulieris
3021 2866 3504 2930 convenientius

385 2976 640 3050 gerent.
674 2969 917 3031 Dicitur
945 2988 1205 3051 quoque
1246 2970 1418 3051 quod
1467 2987 1594 3032 non
1644 2968 1900 3051 scripsit
2009 2969 2421 3051 responderet
2466 2986 2479 3030 ε
2530 2970 2799 3036 Mulier,
2834 2968 2948 3027 ubi
2975 2976 3131 3028 sunt
3170 2967 3289 3046 qui
3320 2976 3375 3027 ce
3404 2986 3505 3027 ao-

387 3067 613 3132 omnia
660 3067 794 3131 haec
843 3068 1029 3150 quasi
1081 3086 1195 3150 per
1239 3067 1487 3149 singula
1531 3067 1744 3141 verba,
1789 3067 1898 3129 sed
1928 3065 1972 3128 C
2007 3070 2373 3129 cusabanc?
2420 3068 2624 3131 Nemo
2667 3075 2723 3126 te
2760 3066 3240 3136 condemnavit,
3271 3065 3336 3126 id
3386 3073 3501 3141 est,

389 3166 678 3248 aliquem
715 3175 987 3229 tractum
1028 3184 1142 3228 seu
1186 3166 1461 3247 figuram
1503 3165 1794 3248 depinxit
1832 3166 1898 3227 in
2009 3165 2413 3247 lapidandam
2446 3164 2927 3227 determinavit?
2961 3167 3115 3233 Quoe
3142 3165 3323 3224 dimit
3342 3185 3364 3223 .·
3384 3165 3508 3227 Ne-

390 3272 583 3340 terra,
639 3266 706 3327 in
767 3284 896 3347 qua
954 3265 1049 3328 illi
1111 3265 1412 3328 viderunt
1466 3284 1582 3327 sua
1645 3272 1901 3347 peccata
2009 3284 2138 3334 mo,
2187 3266 2463 3325 Domine
2494 3285 2516 3323 .·
2547 3263 2701 3344 quia
2748 3263 2997 3327 confusi
3047 3262 3347 3327 abierunt
3390 3262 3505 3343 qui

390 3371 846 3445 repraesentata
875 3364 1060 3445 quasi
1105 3364 1172 3425 in
1215 3363 1418 3444 signo.
1455 3398 1530 3408 —
1562 3362 1894 3436 Quaeritur,
2007 3378 2148 3423 eam
2182 3369 2660 3425 accusaverunt.
2696 3360 2887 3423 Dia-it
2916 3370 3131 3422 autem
3163 3363 3369 3431 Jesu-S,
3400 3380 3507 3423 cu-

3640 2578 3709 2636 10

3644 3172 3707 3227 ss

390 3463 720 3543 quomodo
766 3460 944 3523 Jesus
1004 3462 1262 3545 scripsit
1321 3461 1386 3525 in
1446 3470 1632 3535 terra,
1695 3480 1898 3542 quum
2007 3460 2112 3541 jus
2154 3460 2590 3524 miserationes
2630 3478 2824 3541 super
2859 3459 3075 3522 omnia
3110 3477 3303 3540 opera
3338 3458 3501 3540 ejus,
3533 3478 3797 3525 Ριοιυῃο.

391 3557 598 3621 fuerit
630 3558 696 3620 in
738 3559 978 3641 templo
1020 3559 1458 3641 pavimentum
1498 3559 1790 3621 habente.
1827 3558 1900 3621 Et
2009 3558 2120 3640 qui
2155 3558 2329 3622 venit
2360 3575 2645 3640 quaerere
2684 3563 2745 3619 et
2792 3557 3037 3619 salvum
3087 3555 3295 3619 facere
3333 3558 3503 3638 quod
3580 3576 3794 3624 ωαψς.

395 3657 942 3739 respondendum,
977 3658 1147 3739 quod
1192 3666 1360 3720 terra
1395 3656 1764 3739 frequenter
1803 3676 1900 3720 ac·
2012 3657 2286 3740 perierat
2319 3676 2333 3719 :
2372 3660 2503 3720 Nec
2544 3676 2653 3734 eqo
2704 3665 2763 3715 te
2798 3658 3252 3725 condemnabo,
3283 3655 3347 3717 id
3384 3653 3501 3729 est,
3536 3642 3601 3682 ¹⁰·

393 3755 642 3838 cipitur
675 3774 786 3837 pro
816 3773 1224 3837 quacumque
1256 3774 1322 3817 re
1352 3756 1650 3828 terrestri,
1674 3756 1740 3817 in
1771 3775 1900 3837 qua
2010 3756 2415 3838 lapidandam
2446 3754 2789 3828 dictabo,et
2817 3753 2868 3815 si
2902 3752 3340 3836 poenitentiam
3372 3750 3507 3835 egess

393 3852 788 3919 elementum
823 3861 1006 3916 terrae
1037 3854 1572 3935 praedominatur:
1601 3856 1900 3935 quemad·
2011 3854 2120 3929 riS‚
2175 3873 2301 3918 non
2352 3862 2415 3916 te
2462 3852 2896 3917 condemnabo
2953 3852 3019 3914 in
3069 3852 3223 3914 hora
3280 3852 3502 3915 mortis

384 3954 665 4017 modum
696 3952 852 4015 olim
883 3952 1128 4015 homini
1163 3953 1403 4015 dictum
1435 3960 1549 4027 est,
1585 3952 1774 4015 Terra
1803 3972 1892 4015 es.
2010 3962 2153 4029 tuae,
2190 3972 2306 4016 nec
2351 3954 2417 4015 in
2464 3953 2565 4015 die
2602 3952 2851 4034 judicii.
2900 3954 3090 4023 Vade,
3126 3970 3251 4013 non
3297 3946 3499 4015 solum

393 4052 460 4115 Si
515 4069 665 4132 ergo
715 4068 910 4132 super
959 4050 1202 4131 lapides
1251 4051 1528 4132 scripsit,
1580 4052 1898 4133 quomodo
2010 4051 2421 4134 corporaliter
2453 4051 2823 4123 recedendo,
2857 4050 3034 4111 sed-a
3062 4048 3348 4131 pristinis
3375 4069 3505 4112 ma-

389 4149 656 4231 scripsit
687 4149 753 4209 in
786 4156 914 4209 tam
952 4148 1110 4209 dura
1149 4149 1456 4211 materiai
1488 4149 1618 4212 Dici
1667 4157 1893 4231 potest,
2008 4150 2086 4213 lis
2136 4158 2198 4213 te
2246 4149 2619 4230 elongando,
2672 4156 2904 4209 statum
2964 4147 3379 4222 immutando,
3423 4149 3502 4210 de
3543 4162 3793 4213 Panum,

385 4248 568 4331 quod
617 4246 882 4309 materia
925 4246 1114 4308 cessit
1163 4245 1243 4321 ei,
1293 4247 1391 4310 vel
1426 4249 1603 4327 -quod
1653 4248 1894 4329 aliquid
1928 4252 1978 4315 D
2011 4249 2245 4311 virtute
2283 4248 2349 4309 in
2379 4248 2678 4310 virtutem
2711 4248 2934 4321 eundo,
2962 4248 3187 4323 etjam
3217 4249 3502 4324 amplius
3531 4228 3571 4269 ⁸·

387 4346 686 4410 humoris
716 4364 792 4407 ac
822 4344 1108 4428 pulveris
1139 4346 1529 4428 superjacuit
1575 4347 1898 4429 pavimen·
2009 4350 2148 4408 noli
2178 4366 2469 4425 peccare,
2510 4345 2575 4407 id
2616 4352 2731 4420 est,
2777 4351 3035 4427 peccato
3073 4363 3198 4408 non
3238 4340 3502 4408 consenss

387 4453 481 4519 to,
515 4444 580 4506 in
623 4442 864 4525 quibus
909 4442 1189 4524 scripsit.
2007 4447 2270 4521 tias,sed
2302 4443 2565 4506 firmum
2601 4444 3000 4527 propositum
3040 4462 3167 4507 non
3199 4442 3502 4525 peccandi

475 4542 842 4605 Secundum
871 4540 1123 4615 Bedam‚
1161 4541 1302 4604 ideo
1344 4541 1629 4604 Christus
1661 4562 1728 4605 se
1760 4562 1896 4605 rur·
2008 4544 2257 4607 habeto.
2295 4544 2467 4607 Unde
2516 4543 2604 4605 ait
2652 4543 2805 4605 alibi
2850 4541 3133 4605 Salvator
3164 4561 3178 4604 :
3218 4540 3353 4606 Non
3393 4561 3503 4605 ve-
3528 4557 3635 4601 Luc.
3660 4560 3792 4609 ηπ.

385 4662 503 4706 sus
534 4640 869 4705 inclinavit
898 4648 961 4702 et
989 4640 1350 4722 scripsit,ut
1379 4641 1626 4703 vultum
1657 4642 1736 4704 ab
1766 4643 1894 4705 illis
2008 4643 2072 4704 ni
2133 4660 2359 4706 vocare
2402 4642 2630 4723 justOS,
2686 4642 2793 4703 sed
2844 4648 3203 4723 peccatores
3253 4640 3319 4702 in
3370 4659 3501 4722 poe-

383 4760 510 4805 sua
547 4739 966 4823 responsione
1015 4738 1301 4802 confusis
1351 4739 1744 4815 divertendo,
1790 4743 1894 4803 da·
2005 4740 2362 4803 nitentiam.
2392 4740 2627 4822 Itaque,
2670 4741 2840 4821 quod
2892 4740 3071 4814 dixit,
3104 4738 3229 4801 Nec
3276 4756 3390 4819 ego
3439 4746 3501 4801 ῖθ

383 4846 488 4903 ret
518 4838 610 4901 eis
641 4837 916 4901 exeundi
950 4837 1330 4900 libertatem.
1365 4838 1673 4919 Denique,
1713 4838 1893 4920 juxta
2003 4838 2463 4913 condemnabO,
2482 4838 2931 4902 misericordiae
2962 4836 3114 4918 fuit3
3147 4840 3315 4919 quod
3350 4855 3500 4902 vero

381 4939 643 5011 Bedam,
681 4955 795 5019 per
843 4938 964 4999 hoc
1013 4938 1184 5018 quod
1228 4936 1512 5000 Christus
1563 4946 1708 4999 ante
1751 4956 1890 5019 pro·
2001 4938 2256 5018 adjecit,
2289 4936 2581 5018 Amplius
2632 4937 2761 5001 noli
2812 4955 3095 5019 peccare,
3147 4936 3272 4999 fuit
3314 4936 3501 5018 justi-

381 5036 694 5100 lationem
743 5035 1096 5109 sententiae,
1149 5042 1211 5096 et
1259 5035 1470 5097 statim
1523 5044 1666 5117 post
1723 5054 1885 5111 eam,
2001 5036 2126 5098 tiae.
2162 5035 2413 5098 Dimisit
2460 5052 2608 5116 ergo
2657 5035 2938 5099 Salvator
2982 5035 3307 5117 piissimus
3354 5054 3494 5097 mu-

380 5134 652 5215 scripsit
699 5134 766 5195 in
825 5140 1010 5208 terra,
1062 5134 1362 5196 docemur
1420 5142 1491 5195 ut
1546 5140 1888 5216 antequam
2000 5132 2142 5195 lieri
2189 5132 2339 5195 huic
2381 5150 2635 5215 poenam
2678 5140 2739 5194 et
2782 5132 3059 5214 culpam,
3092 5132 3259 5195 sicut
3300 5141 3364 5195 et
3410 5134 3497 5195 la·
3540 5159 3788 5211 mmm„

377 5234 652 5297 fratrem
683 5231 784 5294 vel
819 5229 1184 5312 proximum
1213 5230 1596 5312 judicemuS,
1632 5240 1695 5294 et
1725 5239 1889 5314 post·
1997 5220 2166 5296 troni
2226 5230 2291 5293 in
2351 5248 2561 5294 cruce.
2622 5230 3069 5293 Verumtamen
3126 5231 3247 5294 ista
3290 5231 3497 5296 forma
3523 5227 3591 5267 ⁴³·

377 5349 580 5416 quam
613 5348 764 5392 eum
793 5328 1246 5411 corripuimus»,
1261 5328 1338 5391 ad
1372 5330 1688 5412 nosipsos
1719 5348 1888 5393 men·
1995 5330 2391 5407 absolvendi,
2443 5348 2571 5393 non
2620 5337 2716 5393 est
2769 5330 2849 5393 ad
2900 5330 3319 5395 imitationem
3368 5338 3493 5409 tra-,
