4300 6259
1152 512 1501 561 mannum
1544 511 1609 557 m
1650 510 1789 559 cal».
1835 510 1991 557 xxm
2031 510 2221 558 LUGAE·
2265 530 2346 541 —
2387 513 2530 559 Amr.
2575 512 2720 559 xux

3367 489 3486 555 241

70 696 128 741 18.
146 710 229 746 un.
254 698 327 740 ιε.
364 682 522 742 mei
556 680 631 742 Et
660 681 849 745 Isaias
874 683 1195 746 :Tradidit
1221 684 1489 766 (inquit)
1518 683 1583 745 in
1616 688 1885 746 mortem
1917 680 1967 741 A
1996 689 2061 743 et
2108 682 2420 745 dederunt
2465 682 2524 743 ei
2573 683 2794 745 vinum
2851 680 3073 744 bibere
3119 678 3272 741 felle
3325 678 3490 740 mix-

58 795 169 838 Dan.
179 810 239 844 ιι,
252 798 329 839 2⁶.

140 989 211 1043 36

140 1169 209 1224 37

98 2375 285 2418 Maera.

42 2440 331 2491 :umas-⁴3.

44 3964 119 4009 Pe.
132 3968 325 4016 211,8‚9.

44 4358 325 4412 1²84:vass-

96 5238 275 5281 κακὴ.
360 5242 455 5285 us
504 5238 519 5284 ε
566 5218 893 5281 Venerunt
940 5217 1005 5278 in
1054 5216 1265 5278 locum
1315 5213 1427 5295 qui
1478 5213 1713 5277 dicitur
1752 5215 1893 5280 Gol-

46 5302 325 5351 nutu-³5.

362 780 663 842 animam
696 800 911 863 suam3
935 782 1153 844 Daniel
1180 801 1459 864 quoque,
1482 781 1626 845 Post
1656 780 1887 843 hebdo-

362 880 601 941 madas
643 881 966 961 sexaginta
1012 883 1167 943 duas
1209 882 1533 945 occidetur
1576 879 1881 942 Christus.

456 980 839 1039 Illudebant
878 988 1097 1039 autem
1122 982 1185 1039 ei
1212 990 1273 1039 et
1310 980 1550 1039 milites
1586 980 1885 1039 acceden-

364 1085 469 1136 tes
518 1077 599 1138 ad
648 1094 927 1152 erucem,
974 1088 1035 1138 et
1082 1088 1333 1139 acetum
1376 1082 1701 1155 offerentes
1750 1078 1885 1146 ilci,

360 1176 666 1236 dicentes
694 1196 719 1235 .·
749 1178 829 1237 Si
859 1185 929 1237 tu
956 1196 1021 1237 es
1050 1196 1169 1235 rem
1194 1178 1597 1243 Judoeoram,
1626 1178 1883 1235 salvum

364 1282 435 1331 te
486 1275 618 1360 sac.
670 1272 777 1335 Isti
824 1272 1097 1354 gentiles
1147 1270 1630 1335 conformabant
1678 1288 1746 1332 se
1793 1270 1887 1353 lo-‚

363 1372 625 1434 cutioni
688 1372 1101 1454 irrisionique
1154 1372 1535 1435 Judaeorum.
1588 1369 1635 1433 Ο
1690 1390 1885 1451 quam

362 1469 729 1533 durissima
764 1470 891 1533 fuit
926 1470 1215 1534 omnium
1256 1471 1485 1533 horum
1520 1469 1881 1542 crudelitaS,

360 1570 555 1650 quod
604 1569 851 1633 homini
900 1570 966 1632 in
1013 1578 1143 1631 tam
1203 1568 1686 1651 incomparabili
1738 1587 1889 1649 sup-

364 1668 579 1750 plicio
626 1670 993 1753 constitute,
1039 1689 1163 1734 non
1222 1668 1431 1733 solum
1482 1687 1607 1731 non
1658 1667 1889 1730 condo-

363 1767 664 1843 luerunt,
708 1768 818 1831 sed
856 1775 919 1829 et
960 1776 1088 1830 tam
1135 1766 1701 1850 contemptibiliter
1743 1766 1889 1830 illu-

1994 787 2174 861 tum3
2228 788 2290 843 et
2347 799 2547 861 quum
2601 788 2936 862 gustasset,
2987 779 3189 842 noluit
3243 777 3487 839 bibere.

1998 878 2232 941 Deinde
2287 881 2375 941 ait
2431 879 2752 941 Matthaeus
2811 898 2825 942 ε
2887 879 3222 959 Postquam
3280 884 3492 937 autem

1995 978 2456 1041 crucifixerunt
2497 997 2666 1040 eum.
2700 977 3030 1059 DeincepS,
3065 974 3360 1059 pluribus
3399 974 3494 1035 in-

1994 1076 2317 1157 terpositis
2363 1076 2596 1151 verbis,
2631 1076 2853 1139 addit:
2889 1076 3064 1139 Circa
3113 1075 3330 1137 horam
3383 1091 3492 1135 no-
3571 1097 3743 1141 Mateta.

1994 1194 2142 1237 nam
2191 1176 2567 1239 exclamavit
2611 1176 2789 1238 Jesus
2839 1193 2852 1237 ε
2901 1174 3020 1249 Eli,
3071 1173 3190 1246 Eli,
3241 1178 3362 1234 etc.
3415 1170 3490 1234 Et
3515 1164 3782 1214 ¹¹⁹¹'·⁴⁶2⁴⁸·

1995 1274 2298 1338 continuo
2347 1293 2611 1337 currens
2661 1293 2825 1337 unus
2874 1292 2950 1335 ex
3003 1272 3116 1347 eiS,
3169 1278 3491 1354 acceptam

1996 1373 2324 1454 spongiam
2358 1373 2650 1455 implevit
2676 1380 2865 1444 aceto,
2890 1380 2954 1435 et
2981 1371 3286 1453 imposuit
3315 1389 3494 1432 arun-

1996 1471 2154 1546 dini,
2189 1479 2252 1534 et
2293 1472 2481 1534 dabat
2517 1472 2575 1533 ei
2617 1470 2860 1533 bibere.
2895 1469 3037 1533 Post
3077 1470 3240 1531 hanc
3277 1477 3490 1532 autem

1996 1570 2384 1653 potationem
2442 1570 2725 1634 Christus
2784 1588 2932 1633 mox
2995 1568 3251 1630 tradidit
3305 1567 3494 1649 spiri-

1997 1677 2156 1732 tum.
2191 1669 2417 1733 Subdit
2445 1670 2618 1731 enim
2656 1668 2979 1731 Matthaeus
3014 1686 3028 1729 ε
3059 1667 3239 1729 Jesus
3277 1674 3488 1729 autem
3547 1682 3758 1727 thraso.

1997 1768 2230 1830 iterum
2281 1769 2560 1831 clamans
2607 1785 2760 1832 voce
2807 1785 3054 1847 magna,
3105 1765 3320 1827 emisit
3367 1765 3492 1848 spi-

364 1872 606 1927 serunt
640 1872 655 1926 1
711 1866 877 1928 sicut
920 1866 988 1928 in
1030 1866 1277 1929 Psalmo
1317 1864 1443 1928 fuit
1482 1864 1881 1947 praedictum,
1922 1862 1969 1924 B
1999 1867 2214 1929 ritum.
2264 1867 2532 1932 Joannes
2583 1884 2731 1929 vero
2779 1865 3010 1928 clarius
3062 1864 3286 1927 scribit
3332 1864 3487 1939 haec,

170 1990 271 2019 ..m
309 2009 325 2027 ‚
365 1964 633 2027 Christo
697 1965 777 2027 ad
841 1965 1088 2027 Patrem
1152 1965 1450 2046 loquente
1506 1982 1519 2026 ε
1576 1962 1884 2036 Quoniam

362 2081 579 2144 quem
637 2070 709 2125 tu
766 2062 1165 2145 percussisti,
1222 2062 1538 2145 persecuti
1597 2068 1767 2135 sunt,
1824 2068 1887 2122 et

364 2179 579 2243 super
627 2161 912 2224 dolorem
963 2161 1302 2224 vulnerum
1362 2177 1649 2223 meorum
1706 2159 1885 2221 addi-

364 2261 637 2323 derunt.
670 2260 759 2321 De
802 2260 921 2322 hac
960 2259 1191 2322 Christi
1232 2259 1525 2321 irrisione
1564 2257 1885 2319 Matthaeus

364 2357 621 2420 effatur
664 2377 678 2421 ε
721 2357 1175 2421 Praetereuntes
1223 2364 1457 2431 autem,
1501 2358 1564 2418 id
1612 2364 1743 2432 est„
1773 2374 1887 2438 per

366 2458 553 2522 viam
587 2457 763 2520 illam
796 2464 1147 2539 pergenteS,
1164 2454 1692 2537 blasphemabant
1720 2473 1882 2528 eum,

360 2563 713 2620 moventes
762 2557 971 2638 capita
1018 2574 1153 2630 sua,
1207 2562 1269 2617 et
1316 2554 1598 2616 dicentes
1641 2573 1655 2616 ε
1698 2554 1879 2616 Vah!

359 2656 494 2738 qui
545 2654 824 2718 destruis
882 2654 1197 2738 templum
1257 2652 1389 2727 Dei,
1439 2660 1504 2714 et
1551 2653 1616 2713 in
1676 2652 1886 2716 triduo

358 2755 540 2817 illud
583 2754 959 2828 reaedificaS,
998 2752 1172 2816 salva
1211 2760 1271 2815 te
1309 2752 1559 2833 ipsum3
1594 2751 1645 2813 si
1686 2750 1884 2813 Filius

356 2853 487 2915 Dei
528 2870 619 2927 eS‚
656 2854 971 2915 descende
1010 2870 1181 2914 nunc
1219 2850 1297 2911 de
1335 2868 1544 2912 eruce.
1579 2848 1886 2912 Similiter

358 2952 711 3035 principes
743 2951 1141 3014 sacerdotum
1172 2950 1511 3011 illudentes
1546 2967 1693 3010 cum
1724 2948 1887 3012 Scri-

1996 1965 2213 2027 dicens
2250 1984 2264 2027 :
2297 1966 2513 2028 Postea
2543 1965 2750 2028 sciens
2781 1965 2960 2027 Jesus
2989 1964 3162 2045 quod
3198 1964 3330 2044 jam
3361 1982 3494 2027 om-
3519 1980 3781 2035 Joannaux,

1996 2064 2103 2125 nia
2139 2070 2576 2128 consummata
2623 2072 2792 2137 sunt,
2837 2070 2908 2125 ut
2945 2070 3494 2125 consummaretur
3521 2046 3658 2088 ²⁸⁴⁰·

1997 2162 2343 2246 Scriptura,
2387 2162 2547 2224 (lixit
2590 2180 2604 2225 ε
2647 2160 2824 2225 Sitio.
2858 2161 2976 2223 Vas
3025 2178 3173 2241 ergo
3216 2160 3494 2242 positum

1996 2268 2131 2323 erat
2168 2262 2432 2344 plenum
2471 2269 2666 2323 aceto.
2701 2260 2797 2322 llli
2827 2268 3037 2322 autem
3079 2260 3334 2341 plenam
3363 2276 3496 2321 ace-

1997 2368 2060 2423 to
2102 2360 2430 2441 spongiam
2474 2359 2768 2441 hyssopo,
2804 2358 2865 2420 id
2908 2366 3005 2420 est
3040 2357 3339 2419 arundini
3381 2376 3494 2419 seu

1998 2459 2260 2533 calam0,
2323 2458 2900 2539 circumponentes,
2961 2457 3334 2521 obtulerunt
3399 2456 3491 2520 ori

1998 2558 2160 2639 ejus.
2195 2557 2408 2630 Quum‘
2440 2575 2589 2638 ergo
2626 2557 2976 2639 accepisset
3000 2556 3180 2618 Jesus
3218 2564 3490 2631 acetum,

1998 2657 2158 2719 dixit
2199 2676 2213 2719 :
2258 2656 2776 2720 consummatum
2820 2662 2936 2716 est.
2971 2654 3146 2717 Unde
3194 2656 3272 2718 de
3321 2662 3496 2737 pota-

1996 2756 2170 2819 tione
2214 2756 2330 2817 hac
2370 2754 2566 2816 Lucas
2611 2772 2782 2816 nunc
2825 2753 3130 2834 loquitur.
3171 2752 3496 2815 Verumta-

1997 2873 2144 2917 men
2174 2854 2414 2916 Marcus
2446 2852 2620 2927 dicit,
2639 2854 2810 2934 quod
2842 2871 2967 2915 non
2998 2852 3246 2934 accepit
3273 2860 3492 2935 potum
3538 2875 3691 2919 Mare.
3714 2889 3786 2926 xv,

1998 2954 2210 3033 hunc;
2253 2953 2362 3013 sed
2411 2950 2530 3016 hoe
2577 2949 2764 3013 facile
2811 2951 3250 3014 concordatur.
3300 2951 3494 3015 Modi-
3521 2939 3588 2980 ²³·

356 3052 479 3114 bis
529 3058 595 3112 et
642 3050 1025 3123 senioribuS,
1079 3046 1375 3110 dicebant
1409 3066 1422 3109 :
1457 3046 1629 3110 Alios
1680 3047 1886 3111 salvos
1924 3052 1967 3115 C
1999 3072 2144 3114 cum
2205 3050 2375 3113 enim
2435 3050 2701 3132 aceepit,
2765 3056 2834 3111 ut
2893 3049 3268 3131 impleretur
3325 3049 3490 3113 Scri·

354 3148 557 3223 fecit,
594 3167 663 3210 se
694 3148 909 3231 ipsum
948 3165 1076 3209 non
1116 3152 1325 3228 potest
1364 3146 1611 3208 salvum
1652 3144 1881 3208 faeere.

354 3248 435 3310 Si
493 3266 603 3309 rex
642 3248 832 3309 Israel
874 3254 989 3321 est,
1034 3245 1373 3307 descendat
1418 3263 1589 3307 nunc
1633 3246 1711 3308 de
1751 3264 1887 3307 cru-

356 3364 473 3419 ce,
520 3355 585 3408 et
630 3344 951 3407 credimus
993 3343 1075 3405 ei.
1118 3342 1396 3407 Confidit
1435 3344 1501 3404 in
1552 3342 1771 3418 Deum,
1814 3343 1889 3405 li-

354 3445 565 3507 beret
601 3462 749 3505 eum
790 3462 984 3518 nunc,
1020 3442 1073 3503 si
1108 3441 1263 3505 vult.
1300 3441 1467 3503 Dixit
1504 3441 1700 3515 enim,
1736 3442 1887 3523 quia

354 3543 582 3606 Filius
630 3542 739 3603 Dei
798 3561 965 3603 sum.
1020 3540 1161 3604 Haec
1208 3540 1423 3604 omnia
1480 3538 1885 3602 beatissimus

358 3648 776 3705 secretorum
822 3639 929 3702 Dei
970 3638 1451 3720 contemplator,
1486 3644 1740 3700 sanctus
1779 3638 1888 3700 Da-

362 3740 519 3813 vid,
554 3739 620 3800 in
653 3738 886 3820 spiritu
917 3737 1269 3800 clarissime
1306 3736 1621 3818 praevidit‚
1656 3742 1717 3797 et
1747 3736 1889 3818 pul-

360 3838 705 3902 cherrime
744 3835 1215 3919 praenuntiavit,
1250 3834 1519 3916 loquens
1558 3836 1623 3896 in
1656 3834 1887 3898 Christi

361 3956 663 4021 persona
704 3955 718 3999 :
762 3934 993 3998 Omnes
1043 3934 1329 3997 videntes
1381 3952 1483 4023 me
1528 3934 1887 3996 deriserunt

360 4054 533 4117 me;
586 4035 781 4098 locuti
828 4040 978 4096 sunt
1034 4032 1242 4107 labiis,
1294 4038 1357 4093 et
1404 4040 1741 4097 moverunt
1788 4051 1887 4095 ca-

360 4142 527 4219 put.
559 4133 849 4216 Speravit
878 4132 944 4194 in
977 4131 1265 4206 Domino,
1290 4130 1519 4212 eripiat
1551 4149 1731 4210 eum;
1766 4131 1888 4192 sal-

1998 3158 2186 3233 ptura
2247 3168 2260 3212 :
2323 3149 2494 3230 quod
2548 3157 2761 3210 autem
2823 3149 3142 3211 modicum
3199 3156 3315 3229 est,
3378 3169 3493 3231 pro

1996 3249 2200 3312 nihilo
2229 3254 2580 3329 reputatur.
2615 3246 2757 3310 Ideo
2786 3246 2873 3309 ait
2907 3246 3252 3322 MatthaeuS,
3285 3246 3492 3320 Quum
3573 3280 3743 3324 nauh.

1993 3354 2328 3429 gustasset,
2381 3345 2588 3409 noluit
2642 3345 2864 3407 bibere
2916 3364 2930 3407 ε
2983 3363 3058 3406 ex
3114 3364 3243 3427 quo
3297 3353 3486 3427 patet,
3521 3348 3736 3395 *ΜΛ*-

1995 3447 2168 3528 quod
2215 3444 2537 3508 modicum
2585 3444 2878 3527 sumpsit.
2915 3444 3218 3525 Tuncque
3267 3444 3493 3527 imple-

1997 3552 2131 3607 tum
2178 3550 2274 3605 est
2309 3543 2470 3605 illud
2520 3543 2584 3603 in
2625 3541 2870 3606 Psalmo
2905 3562 2918 3606 ε
2953 3542 3028 3605 Et
3074 3543 3384 3605 dederunt
3422 3545 3488 3607 in
3523 3579 3781 3631 ,Qum

1996 3662 2204 3706 escam
2235 3661 2440 3705 meam
2471 3641 2580 3717 fel,
2613 3649 2677 3704 et
2704 3642 2770 3703 in
2809 3642 2913 3703 siti
2945 3660 3085 3705 mea
3113 3650 3492 3724 potaverunt
3521 3642 3588 3685 ²²·

1997 3760 2099 3805 me
2139 3748 2338 3805 aceto.

2076 3839 2195 3902 Sed
2242 3838 2571 3921 quoeritur,
2606 3837 2922 3918 quomodo
2961 3837 3228 3900 Joannes
3267 3845 3328 3900 et
3371 3838 3492 3901 Lu-

1995 3958 2099 4002 cas
2152 3945 2378 4001 vocant
2426 3944 2646 4019 potum
2685 3942 2955 4010 acetum,
2998 3955 3199 4017 quum
3248 3938 3489 4001 Marcus

1996 4036 2278 4100 nominet
2309 4053 2455 4097 eum
2488 4033 2708 4097 vinum
2737 4034 3144 4115 myrrhatum,
3171 4034 3492 4100 Matthaeus

1997 4153 2146 4199 vero
2195 4134 2405 4216 primo
2444 4140 2626 4196 vocat
2673 4150 2820 4215 eum
2861 4134 3082 4196 vinum
3132 4132 3284 4197 felle
3333 4136 3496 4199 mix-

358 4252 542 4298 vum
572 4231 759 4295 faciat
785 4250 957 4305 eum,
992 4230 1298 4312 quoniam
1328 4228 1467 4290 vult
1494 4246 1663 4290 eum.
1699 4229 1886 4291 Item·
1918 4240 1966 4302 D
1998 4242 2156 4295 tum.
2198 4232 2272 4294 Et
2311 4233 2860 4314 respondendum,
2892 4234 3061 4313 quod
3113 4241 3300 4315 potus
3350 4236 3488 4312 iste,

359 4349 517 4416 que
558 4346 573 4389 ε
629 4330 757 4411 Ego
804 4330 1010 4393 sactus
1061 4347 1205 4389 sum
1252 4328 1668 4411 opprobrium
1713 4328 1881 4417 illis3

360 4432 687 4497 viderunt
730 4447 853 4501 me,
896 4436 960 4491 et
1002 4433 1339 4490 moverunt
1382 4426 1589 4508 capita
1630 4446 1763 4489 sua.

486 4530 801 4592 Praeterea
857 4527 934 4589 de
990 4524 1311 4589 oblatione
1368 4526 1527 4587 aceti
1590 4534 1886 4608 praetacta

356 4628 739 4701 sciendum,
793 4625 966 4707 quod
1024 4623 1209 4705 impii
1267 4622 1364 4685 illi
1422 4624 1732 4687 dederunt
1782 4623 1883 4686 bis

356 4728 635 4793 Christo
663 4730 888 4807 potum
917 4729 1262 4797 acetosum,
1280 4721 1563 4796 felleum,
1584 4740 1696 4783 seu
1726 4742 1885 4785 ama·

356 4844 525 4889 rum
562 4843 577 4887 :
614 4822 845 4897 Primo,
874 4822 1045 4884 circa
1074 4819 1580 4894 crucifixionem,
1618 4820 1880 4897 scilicet,

354 4932 729 5005 antequam
769 4918 1276 5001 crucifigeretur,
1312 4917 1411 4981 vel
1442 4918 1651 4979 statim
1684 4938 1885 5000 quum

356 5026 393 5088 f
396 5029 597 5086 uerat
624 5018 997 5083 crucifixus.
1031 5017 1241 5082 Potius
1270 5024 1481 5078 tamen
1521 5034 1683 5093 reor,
1717 5020 1889 5099 quod

357 5128 531 5187 ante
582 5116 1091 5191 crucifixionem,
1145 5134 1348 5197 quum
1407 5115 1573 5177 dicat
1621 5114 1891 5181 Matthae-

354 5322 597 5406 gotha,
627 5318 805 5401 quod
846 5316 1299 5400 interpretatur
1336 5314 1635 5379 Calvariae
1672 5315 1890 5399 locus3

634 5452 705 5506 Τ.
738 5451 822 5504 12.

1996 4332 2347 4394 secundum
2383 4330 2831 4410 Augustinum‚
2865 4328 2988 4391 ruit
3020 4332 3491 4395 amarissimum

1996 4431 2242 4503 vinum,
2294 4429 2381 4489 ita
2427 4428 2600 4509 quod
2661 4428 2782 4489 ruit
2836 4435 3179 4504 acetosum,
3235 4438 3496 4514 propter

1996 4529 2167 4610 quod
2217 4533 2478 4592 vocatur
2533 4534 2782 4589 acetum
2808 4546 2824 4607 ;
2877 4534 2940 4589 et
2985 4529 3266 4592 admixta
3313 4537 3494 4592 erant

1996 4629 2053 4691 ei
2104 4628 2360 4711 myrrha
2407 4634 2472 4689 et
2516 4626 2628 4689 fel.
2679 4628 2946 4709 Insuper
2988 4628 3189 4710 aliqui
3248 4629 3490 4705 dicunt,

1995 4729 2166 4809 quod
2214 4724 2492 4788 ministri
2541 4726 2830 4808 praesidis
2877 4726 3066 4788 talem
3117 4735 3340 4810 potum
3389 4730 3496 4791 da-

1994 4824 2149 4888 bant
2197 4824 2508 4886 damnatis
2557 4825 2636 4886 ad
2684 4832 2974 4899 mortem,
3021 4833 3090 4887 ut
3127 4826 3315 4889 citius
3363 4846 3496 4891 mo-

1998 4930 2308 4996 rerentur,
2348 4929 2411 4983 et
2441 4922 2533 4984 sic
2564 4921 2687 5003 ipsi
2720 4923 2797 4985 de
2827 4923 3084 4986 illorum
3116 4926 3494 5008 expediren-

1997 5030 2101 5084 tur
2144 5020 2449 5111 custodia.
2482 5019 2607 5083 Alii
2654 5020 2958 5095 referunt,
2994 5024 3167 5103 quod
3209 5025 3493 5089 seniores

1995 5121 2356 5183 Judaeorum
2397 5119 2844 5183 ordinaverant
2881 5120 3256 5201 adjudicatis
3306 5125 3495 5187 morti

2000 5218 2133 5281 dari
2175 5218 2395 5279 vinum
2435 5217 2677 5281 bonum
2721 5237 2794 5281 ac
2831 5219 3246 5282 aromaticum
3283 5222 3364 5284 ad
3401 5222 3498 5284 bi-

2000 5316 2307 5392 bendum,
2339 5323 2655 5399 quatenus
2687 5335 2766 5380 ex
2800 5325 2955 5400 potu
2989 5318 3360 5401 hujusmodi
3391 5340 3498 5385 ex-

3182 5455 3248 5511 16
