4300 6259
570 860 638 901 27.

864 487 986 552 236

1636 509 1987 557 mammo
2028 508 2093 557 m
2134 508 2274 557 cAP.
2319 509 2475 556 xxm
2515 508 2704 557 LucAE.
2749 529 2830 540 -
2872 510 3014 556 Am.
3060 511 3205 558 xux

864 677 1026 740 iram
1076 686 1273 755 tuam,
1308 691 1371 745 et
1408 683 1586 745 furor
1624 683 1734 746 irae
1782 690 1905 745 tuae
1943 683 2359 764 compi-chen·
2389 678 2440 739 A
2467 683 2542 745 ad
2594 683 2803 746 locum
2853 683 3314 747 crucifixionis.
3361 682 3570 747 Primo
3615 690 3852 753 tamen,
3895 688 3966 742 ut

569 794 752 847 Danas,
766 798 835 847 26.
866 778 969 839 dat
1000 797 1129 841 eos.
1163 780 1379 844 Daniel
1410 801 1669 864 quoque
1700 783 1993 864 praedixit
2024 803 2038 846 :
2071 782 2208 847 Non
2239 784 2360 845 erit

864 878 1005 957 ejus
1048 881 1345 961 populus,
1379 882 1491 963 qui
1533 900 1702 954 eum,
1736 883 1979 945 scilicet
2010 882 2355 958 Christum,

864 984 1205 1056 negaturus
1264 987 1379 1053 est,
1432 987 1495 1041 et
1552 979 1703 1042 finis
1760 981 1899 1062 ejus
1948 982 2245 1053 vastitas:
2298 992 2360 1045 et

865 1096 1069 1158 usque
1110 1079 1176 1141 in
1219 1078 1420 1144 finem
1465 1083 1900 1163 perseverabit
1941 1083 2265 1147 desolatio.

944 1176 1158 1257 Igitur,
1195 1180 1603 1260 praeinductis
1638 1182 1850 1244 verbis
1888 1202 1927 1244 a
1966 1182 2129 1245 Luca
2167 1182 2360 1245 omis-

864 1274 973 1343 sis,
1008 1278 1435 1340 continuanda
1464 1286 1612 1341 sunt
1640 1299 1786 1361 quae
1822 1281 1960 1363 ipse
1996 1300 2166 1343 nunc
2207 1281 2360 1343 scri-

2467 782 2574 844 alii
2625 781 3038 863 Evangelistae
3083 789 3414 855 testantur,
3453 788 3764 845 exuerunt
3809 792 4218 967 cumula-{¹13

2469 881 2802 963 chlamyde
2840 899 2950 943 seu
2992 900 3296 963 purpura,
3331 889 3394 943 et
3431 881 3776 943 induerunt
3809 898 3958 941 eum
3991 870 4090 961 ’Μ
4066 932 4182 959 w

2469 981 2864 1044 vestimentis
2904 980 3078 1061 ejus3
3114 988 3176 1042 et
3214 980 3504 1061 bajulans
3542 998 3818 1051 crucem,
3855 998 3963 1040 ex·
3988 982 4134 1085 fam
4149 1056 4220 1093 a

2470 1079 2586 1143 ivit
2642 1079 2708 1141 in
2757 1078 3058 1141 Calvariae
3106 1079 3337 1142 locum.
3375 1081 3962 1157 Apprekenderunt
3992 1108 4054 1148 η

2467 1179 2800 1239 Simonem
2837 1181 3182 1257 quemdam
3214 1180 3657 1255 Cyrenensem,
3697 1175 3818 1239 hoc
3867 1184 3963 1237 est

2468 1294 2505 1337 a
2533 1274 2771 1357 Cyrene
2803 1275 3057 1338 civitate
3084 1274 3316 1357 Libyae,
3353 1282 3422 1336 ut
3457 1274 3656 1356 aliqui
3687 1274 3912 1338 dicunt
3943 1292 3960 1335 t

657 1374 728 1429 23
864 1374 980 1436 bit.
1016 1378 1103 1437 At
1134 1378 1260 1449 illi,
1297 1386 1449 1458 puta
1485 1378 1705 1451 ludici,
1742 1381 2071 1441 instabant
2104 1382 2361 1441 vocibus
2471 1392 2665 1455 quem
2706 1374 2968 1456 quidam
3017 1374 3240 1437 dicunt
3283 1373 3482 1436 fuisse
3524 1374 3776 1437 natione
3811 1391 3967 1454 gen-

868 1478 1144 1547 maenis,
1180 1480 1576 1553 postulantes
1622 1488 1691 1539 ut
1740 1480 2266 1555 crucifiqeretur,·
2301 1487 2359 1539 et
2469 1473 2672 1548 tilem,
2707 1474 2814 1535 sed
2860 1474 2938 1535 ad
2976 1473 3368 1536 Iudaismum
3411 1491 3828 1550 conversum;
3863 1472 3962 1534 vel

864 1574 1336 1636 invalescebant
1367 1596 1542 1636 voces
1570 1596 1814 1637 eorum.
1848 1576 2021 1649 Quod
2060 1578 2232 1639 enim
2268 1597 2363 1640 ra·
2469 1571 2634 1635 forte
2679 1572 2802 1634 fuit
2854 1573 2932 1634 de
2981 1590 3292 1655 synagoga
3351 1572 3526 1634 urbis
3580 1570 3856 1653 praefatae
3903 1579 3969 1633 et

864 1670 1035 1733 tione
1084 1678 1146 1733 et
1193 1673 1489 1754 aequitate
1546 1675 1813 1755 adipisci
1864 1694 1989 1738 non
2043 1682 2357 1756 poterant,
2472 1679 2656 1733 natus
2711 1670 2984 1735 Judaeus.
3047 1670 3188 1733 Filii
3243 1679 3454 1733 autem
3515 1670 3676 1751 ejus,
3737 1688 3968 1733 secun-

864 1768 1108 1831 scilicet
1148 1768 1377 1832 Christi
1429 1771 1941 1845 crucifixionem,
1974 1773 2360 1855 importunis
2474 1770 2622 1832 dum
2673 1768 2971 1843 Marcum,
3025 1769 3286 1832 fuerunt
3326 1770 3678 1831 Alexander
3723 1777 3788 1831 et
3845 1768 3970 1830 Ru·
4023 1782 4156 1823 uere-

866 1867 1249 1930 clamoribus
1290 1876 1351 1931 et
1390 1870 1811 1951 postulatione
1859 1872 2081 1953 iniqua
2116 1871 2364 1935 obtine·
2399 1866 2444 1927 B
2475 1868 2599 1941 fus,
2642 1886 2802 1949 quos
2851 1867 3050 1948 aliqui
3101 1868 3323 1930 dicunt
3369 1867 3568 1929 fuisse
3615 1867 3969 1949 discipulos
3997 1847 4062 1887 ²¹·

868 1984 933 2027 re
964 1967 1169 2028 conati
1200 1975 1371 2029 sunt.
1405 1967 1680 2039 Quorum
1730 1969 2133 2033 insolentiam
2175 1969 2360 2032 multi
2473 1966 2727 2029 Christi.
2781 1968 3142 2028 Venientem
3191 1970 3272 2026 de
3321 1969 3483 2027 villa
3531 1966 3807 2047 quadam
3865 1984 3972 2028 cx-

658 2064 731 2117 24
865 2064 1087 2141 injusti
1150 2073 1527 2145 sequuntur.
1572 2069 1657 2127 Et
1699 2069 1963 2129 Pilatus
2010 2069 2361 2145 adjudica·
2473 2072 2568 2126 tra
2613 2064 2958 2127 Jerusalem
3009 2082 3230 2127 versus
3279 2083 3439 2137 eam,
3475 2064 3562 2126 ita
3609 2064 3782 2145 quod
3829 2064 3972 2125 istis

864 2164 960 2222 vit
987 2164 1139 2237 fieri
1170 2166 1543 2240 petitionem
1572 2186 1821 2236 eorum,
1852 2166 1915 2227 id
1959 2173 2077 2239 est,
2112 2174 2365 2228 senten·
2474 2164 2538 2226 in
2572 2164 2800 2226 itinere
2829 2162 3128 2226 obviavit.
3155 2166 3239 2225 Et
3270 2164 3712 2241 imposuerunt
3741 2164 3804 2222 ei
3831 2184 3972 2223 cru-

864 2259 1015 2321 tiam
1074 2261 1247 2324 dedit
1301 2264 1473 2343 quod
1518 2264 1695 2326 Jesus
1761 2272 1926 2327 esset
1984 2265 2364 2347 crucifigen-
2471 2284 2605 2323 cem
2649 2272 2912 2339 portare
2956 2270 3096 2341 post
3141 2265 3382 2323 Jesum.
3433 2262 3563 2324 Imo
3619 2261 3851 2324 timore
3907 2269 3972 2323 et

865 2359 1005 2430 duS,
1068 2359 1232 2422 sicut
1288 2361 1483 2423 Judaei
1554 2363 1855 2443 petebant
1914 2382 1927 2426 :
1992 2364 2105 2445 qui
2171 2364 2358 2426 etiam
2474 2362 2666 2423 minis
2697 2361 3144 2443 compulerunt
3183 2378 3329 2423 eum
3363 2362 3437 2423 ad
3479 2360 3618 2423 hoc.
3652 2360 3754 2421 Ait
3791 2360 3966 2421 enim

864 2456 1006 2519 ideo
1062 2459 1261 2538 magis
1323 2460 1621 2541 petebant
1667 2461 1983 2525 Christum
2040 2462 2358 2543 crucifigi,
2472 2460 2794 2523 Matthaeus
2839 2480 2853 2523 t
2901 2461 3082 2523 Hunc
3137 2460 3624 2541 angariaverunt
3671 2467 3742 2521 ut
3786 2460 3972 2523 tolle·
4047 2462 4188 2505 ⁸⁶¹¹*

866 2575 1059 2636 quam
1108 2556 1235 2619 alia
1284 2566 1486 2622 morte
1532 2560 1758 2633 occidi,
1795 2561 1949 2642 quia
1996 2580 2166 2625 mors
2217 2580 2365 2624 con·
2475 2567 2569 2621 ret
2627 2578 2879 2622 crucem
2940 2558 3101 2637 ejus.
3153 2558 3326 2630 Quod
3385 2557 3809 2621 crudelissimi
3874 2558 3966 2620 illi
3999 2540 4114 2574 ‘m'
4133 2528 4186 2567 ³

863 2652 1142 2717 fixorum
1204 2655 1269 2717 in
1330 2675 1518 2719 cruce
1577 2658 2185 2738 ignominiosissima
2239 2659 2364 2721 fuit
2474 2676 2597 2719 non
2641 2657 2934 2720 fecerunt
2971 2675 3049 2719 ex
3089 2656 3530 2737 compassione
3567 2664 3678 2717 aut
3713 2674 3832 2738 pro
3873 2674 3972 2718 re-

863 2754 1033 2833 apud
1079 2753 1345 2828 Judaeos,
1381 2764 1443 2817 et
1489 2756 1925 2837 poenalissima
1974 2758 2361 2839 patientibus
2473 2756 2788 2819 levamine
2835 2755 2980 2817 Jesu
3035 2774 3048 2818 ε
3101 2757 3211 2818 sed
3258 2754 3409 2836 quia
3457 2773 3533 2817 ex
3583 2754 3790 2836 poenis
3835 2754 3970 2836 jam

658 2850 730 2905 25
866 2870 1025 2915 eam.
1059 2854 1330 2914 Dimisit
1361 2864 1574 2915 autem
1604 2856 1746 2915 illis
1782 2878 1929 2917 eum
1960 2858 2079 2935 qui
2098 2868 2363 2934 propter
2473 2856 2654 2919 valde
2687 2854 2952 2916 lassatus
2991 2853 3135 2926 fuit,
3179 2852 3489 2915 timebant
3531 2870 3611 2915 ne
3643 2851 3806 2915 forte
3847 2852 3968 2915 sub

864 2952 1292 3012 homicidium
1332 2962 1393 3013 et
1438 2955 1817 3015 seditionem
1866 2956 2098 3015 missus
2140 2958 2363 3034 fuerat
2471 2974 2664 3021 onere
2712 2955 2920 3017 crucis
2970 2953 3300 3028 deficienS,
3335 2960 3686 3016 moreretur
3726 2952 3790 3015 in
3841 2953 3966 3028 via,

864 3052 939 3109 in
966 3068 1310 3118 carcerem,
1340 3070 1525 3128 quem
1556 3052 2021 3133 petebant.·qui
2054 3053 2268 3125 etiam,
2295 3062 2362 3116 ut
2399 3050 2442 3112 C
2471 3055 2694 3135 sicque
2745 3051 2990 3113 futuras
3041 3069 3261 3132 poenas
3305 3050 3530 3112 leniori
3575 3057 3780 3112 morte
3825 3068 3970 3113 eva-

568 3152 746 3197 Jmmx
752 3168 833 3207 11111
863 3147 952 3209 ait
986 3146 1277 3216 Joannes,
1312 3146 1434 3208 fuit
1483 3148 1659 3209 latro.
1700 3149 1875 3211 Unde
1923 3157 1986 3212 et
2023 3151 2167 3213 ideo
2207 3151 2365 3213 Pila·
2473 3154 2681 3232 deret3
2716 3151 2816 3214 vel
2851 3156 2920 3211 ut
2949 3148 3137 3212 citius
3171 3148 3460 3211 venirent
3487 3149 3564 3210 ad
3595 3148 3806 3211 locum
3837 3148 3970 3211 Cal-

568 3217 635 3259 ⁴⁰'
862 3252 964 3306 tus
1003 3243 1177 3306 dedit
1210 3244 1439 3308 Judaeis
1479 3245 1801 3327 optionem
1846 3248 2011 3310 inter
2048 3249 2259 3312 Jesum
2302 3258 2363 3312 et
2473 3250 2685 3324 variae,
2719 3248 2784 3310 in
2815 3265 2947 3329 quo
2981 3244 3365 3308 desiderium
3409 3264 3594 3307 suum
3628 3246 3706 3308 de
3735 3245 3968 3309 Christi

860 3341 1228 3415 Barabbam‚
1261 3343 1413 3423 quia
1449 3362 1855 3425 nequaquam
1897 3348 2143 3428 putavit
2191 3350 2363 3429 quod
2473 3346 2894 3411 crucifixione
2935 3343 3286 3427 explerent.

864 3448 1153 3524 peterent
1210 3449 1335 3503 tam
1406 3443 1968 3507 sceleratissimum
2036 3446 2363 3510 hominem
2575 3446 2976 3525 Sequebatur
3022 3454 3237 3504 autem
3287 3445 3478 3503 illum
3531 3446 3736 3503 multa
3785 3444 3968 3504 turba
4095 3438 4154 3492 27

862 3540 985 3602 sibi
1045 3540 1278 3603 dimitti
1340 3542 1538 3621 magis
1598 3562 1790 3623 quam
1838 3544 2049 3606 Jesum
2105 3564 2119 3608 :
2175 3553 2238 3608 et
2296 3554 2366 3607 ut
2468 3547 2724 3624 populi,
2775 3543 3037 3625 quidam
3087 3540 3548 3623 compatiendo,
3600 3540 3710 3602 sed
3769 3540 3970 3603 multo

863 3656 1025 3712 reor,
1060 3637 1113 3699 si
1167 3638 1449 3719 pejorem
1491 3640 1778 3703 vinctum
1836 3642 2163 3705 habuisset
2208 3644 2367 3707 Pila-
2476 3644 2692 3726 plures
2751 3640 3118 3713 deridendo,
3173 3645 3235 3701 et
3286 3637 3772 3703 crucifixionem
3831 3638 3970 3719 ejus

862 3744 963 3798 tus
1021 3756 1213 3818 quam
1274 3737 1642 3813 Barabbam,
1692 3740 1875 3801 illum
1928 3742 2366 3823 proposuisset
2474 3741 2750 3823 optando
2787 3758 2802 3802 ε
2833 3740 2985 3812 imo,
3019 3756 3148 3819 quo
3186 3744 3332 3799 ante
3383 3736 3681 3799 famosior
3717 3736 3864 3809 fuit,
3895 3754 3971 3799 eo

859 3833 1110 3897 Judaeis.
1145 3838 1361 3895 Jesum
1400 3856 1545 3895 vero
1588 3839 1870 3898 tradidit
1913 3842 2239 3900 voluntati
2269 3861 2367 3901 eo·
2471 3841 2602 3921 Jam
2647 3839 2861 3920 plures
2903 3837 3101 3899 secuti
3147 3844 3296 3899 sunt
3335 3836 3412 3898 ad
3447 3836 3794 3898 videndum
3832 3852 3973 3917 spe-

860 3952 1012 3993 rum
1060 3934 1137 3994 ad
1186 3932 1697 4013 crucifigendum
1754 3954 1767 3997 :
1822 3944 1885 3999 et
1934 3937 1999 3999 in
2057 3937 2179 4000 hoc
2229 3938 2366 4001 dire
2477 3938 2841 4007 ctaculum;
2882 3946 2941 3996 et
2994 3938 3341 3996 mulierum
3393 3954 3534 4014 quae
3577 3936 3970 4011 plangebant

864 4030 1163 4111 peccavit,
1194 4031 1489 4111 quamvis
1520 4032 1733 4094 minus
1763 4052 1955 4114 quam
1985 4034 2368 4098 Judaei.Pec-
2472 4046 2532 4096 et
2585 4037 3113 4097 lamentabantur
3163 4054 3334 4103 eum,
3382 4032 3502 4095 hoc
3555 4039 3672 4105 est,
3730 4032 3970 4095 cordia-

862 4128 1028 4189 cavit
1056 4134 1119 4189 et
1146 4127 1358 4189 Jesum
1390 4129 1481 4191 sic
1528 4129 1928 4209 flagellandO,
1964 4140 2027 4194 et
2066 4134 2208 4196 aliis
2238 4153 2366 4198 mo·
2476 4135 2620 4197 liter
2666 4133 3102 4207 tristabantur,
3154 4137 3218 4193 et
3273 4130 3682 4213 corporaliter
3728 4130 3968 4192 flebant

863 4226 959 4289 dis
1004 4226 1349 4307 puniendo,
1384 4228 1679 4307 quamvis
1722 4248 1847 4292 non
1890 4229 2042 4293 fecit
2084 4232 2204 4295 hoc
2233 4233 2367 4295 ani·
2397 4236 2446 4297 D
2475 4252 2646 4297 eum.
2686 4236 3036 4294 Conversus
3075 4240 3292 4291 autem
3332 4232 3422 4289 ad
3459 4232 3608 4290 illas
3643 4232 3845 4301 Iesus,
3879 4228 3968 4290 fa-
4095 4226 4156 4281 28

862 4343 968 4387 mo
1021 4326 1468 4406 persequendi,
1504 4328 1613 4389 sed
1668 4327 1979 4391 liberandi
2025 4330 2364 4394 Dominum
2477 4330 2639 4393 ciem
2679 4348 2856 4391 suam
2889 4334 3140 4390 vertens
3180 4326 3258 4388 ad
3298 4344 3403 4388 eas
3437 4345 3451 4389 ε
3486 4345 3613 4407 qua
3652 4325 3790 4389 visa
3827 4325 3966 4407 plus

860 4421 1098 4497 Jesum,
1134 4430 1205 4483 ut
1250 4422 1493 4485 scilicet
1542 4423 1821 4487 furorem
1862 4426 2222 4491 Judaeorum
2274 4448 2368 4491 se-
2477 4428 2740 4500 flebant,
2776 4434 2845 4487 ut
2885 4426 3080 4488 moris
3118 4432 3214 4487 est
3253 4423 3660 4486 feminarum.
3693 4422 3968 4485 Fuerunt

863 4521 1059 4593 daret,
1121 4527 1183 4581 et
1247 4520 1340 4582 sic
1407 4520 1724 4584 Christum
1791 4525 1969 4587 abire
2038 4527 2365 4607 permitte·
2477 4542 2736 4608 quoque
2776 4524 2864 4586 ibi
2911 4522 3111 4604 aliqui
3153 4522 3274 4585 viri
3325 4521 3648 4604 discipuli,
3682 4529 3744 4583 et
3786 4520 3968 4584 amici

866 4626 1021 4681 rent.
1054 4616 1299 4680 Etenim
1331 4638 1533 4699 quum
1563 4620 1758 4699 judex
1786 4631 1974 4699 esset,
2003 4625 2366 4689 nullatenus
2478 4623 2732 4697 Christi,
2801 4630 2870 4683 ut
2927 4620 3331 4695 Nicodemus,
3390 4620 3645 4701 Ioseph,
3705 4619 3969 4682 Ioannes

867 4715 1089 4779 debuit
1156 4716 1560 4779 innocentem
1628 4719 1948 4796 damnare,
2014 4724 2369 4803 praesertim
2479 4722 2824 4805 apostolus,
2869 4728 2931 4781 et
2977 4719 3140 4782 forte
3177 4717 3501 4793 Gamaliel,
3544 4736 3617 4780 ac
3665 4717 3774 4780 alii
3816 4716 3969 4798 :qui

867 4833 1067 4896 quum
1122 4832 1267 4895 pars
1316 4815 1577 4877 adversa
1615 4816 1680 4878 in
1724 4818 2097 4899 probatione
2135 4821 2371 4885 defice-
2480 4822 2633 4885 licet
2680 4818 3088 4882 vehementer
3137 4816 3445 4890 dolerent,
3492 4815 3718 4878 fletum
3763 4822 3967 4879 tamen

870 4919 1006 4991 ret3
1061 4929 1177 4973 nec
1226 4930 1302 4973 ex
1351 4911 1579 4976 timore
1626 4914 1907 4981 humano
1966 4916 2369 5000 imperatoris
2483 4937 2601 5002 pro
2651 4934 2835 4998 posse
2885 4922 3348 4998 represserunt.
3383 4916 3572 4976 Dia-it
3601 4936 3626 4975 .·
3659 4916 3856 4977 Filia
3877 4916 3972 4974 Je-

873 5008 1095 5072 debuit
1152 5017 1371 5072 contra
1424 5008 1736 5091 justitiam
1786 5012 2016 5096 facere,
2068 5023 2132 5078 et
2185 5018 2370 5081 inno-
2483 5020 2787 5079 rusalem.
2824 5013 3070 5095 Aliquae
3099 5013 3272 5075 enim
3303 5011 3685 5075 feminarum
3713 5012 3970 5075 istarum

875 5108 1053 5170 xium
1096 5106 1440 5188 flagellare·
2486 5122 2666 5179 erant
2719 5112 3124 5176 habitatrices
3170 5111 3539 5186 Jerusalem,
3585 5118 3648 5173 et
3697 5110 3839 5174 aliae
3882 5108 3976 5172 fu-

664 5204 736 5260 26
954 5208 1041 5267 Et
1088 5226 1293 5285 quum
1338 5209 1642 5269 ducerent
1689 5228 1859 5283 eum,
1894 5210 2015 5273 hoc
2060 5220 2177 5287 est,
2217 5213 2370 5274 dum
2487 5220 2678 5277 crunt
2724 5214 2802 5275 de
2854 5211 3125 5285 Galilaea‚
3179 5228 3291 5272 seu
3345 5208 3488 5271 aliis
3537 5208 3712 5272 locis.
3767 5209 3976 5271 Nolite

880 5304 1156 5366 ministri
1194 5302 1375 5366 Pilati
1423 5323 1497 5367 ac
1536 5304 1727 5368 ceteri
1776 5307 2121 5373 educerent
2159 5310 2373 5373 Jesum
2489 5316 2648 5391 flere
2677 5330 2874 5399 super
2901 5330 3074 5371 me...
3109 5307 3242 5379 Non
3277 5308 3574 5399 reprobat
3599 5304 3974 5390 compassio-
