4300 6259
551 4838 722 4886 Ναυῆ.
733 4852 816 4891 nx.

552 4906 622 4949 2⁸.

653 2266 722 2323 ¹9

637 5118 712 5175 20

691 2884 734 2923 x,
756 2874 824 2915 ¹7.

857 504 942 567 36

1681 522 2026 569 manzano
2071 522 2134 567 [Π
2174 520 2315 567 m.
2360 520 2427 567 11
2469 521 2657 567 LUGAE.
2702 540 2787 551 —
2824 522 2969 567 ΛΒΤ.
3014 522 3141 569 m

855 692 1262 755 inimicorum
1311 692 1802 755 beneficentiam
1839 702 1902 755 et
1937 710 2243 765 amorem,
2274 692 2353 754 ad
2382 692 2433 753 A
2462 699 2549 752 tet
2578 691 2697 755 hoc
2727 692 2867 755 loco
2904 711 3019 773 per
3045 692 3315 772 digitum
3356 690 3463 753 Dei
3506 692 3777 772 intelligi
3818 690 3961 774 Spi-

853 790 1108 872 plenam
1159 790 1224 853 in
1285 790 1410 853 Deo
1467 790 1795 864 fiduciam,
1843 792 1924 852 ad
1983 791 2355 854 idololatriae

850 890 1392 969 exstirpationem,
1436 890 1516 951 ad
1565 889 1956 963 continuam,
2007 908 2233 971 puram
2280 908 2353 951 ac

853 985 1164 1048 fervidam
1215 988 1446 1049 mentis
1493 1007 1642 1049 cum
1693 987 1818 1050 Deo
1871 988 2299 1049 adhaesionem
2328 993 2357 1047 Ἰ

851 1083 968 1145 Per
1005 1104 1150 1166 quae
1193 1086 1408 1148 omnia
1445 1086 1876 1148 certissimum
1923 1094 2040 1159 est,
2085 1103 2351 1166 regnum

854 1182 1086 1245 diaboli
1130 1184 1534 1265 potissimum
1575 1184 1888 1246 infirmari
1927 1202 2002 1247 ac
2029 1184 2349 1266 dissipari.

853 1280 988 1344 Non
1017 1299 1168 1362 ergo
1195 1282 1484 1345 Christus
1514 1302 1662 1344 cum
1699 1284 1988 1365 principe
2019 1283 2355 1345 daemonio—

855 1398 998 1441 rum
1047 1379 1256 1443 foedus
1297 1381 1506 1462 quivit
1554 1381 1789 1443 habere
1823 1399 1838 1443 ε
1871 1390 1935 1443 et
1973 1381 2142 1443 istud
2185 1381 2351 1443 veris

852 1496 928 1539 ac
965 1478 1208 1541 devotis
1237 1479 1634 1551 Christianis,
1669 1499 1794 1543 non
1835 1479 1968 1542 ride
1999 1482 2347 1553 dumtaxat,

853 1577 964 1637 sed
1006 1578 1589 1658 experimentaliter
1623 1598 1882 1660 quoque
1921 1579 2351 1641 certissimum

851 1682 968 1743 est,
986 1684 1049 1737 et
1079 1694 1192 1757 per
1223 1676 1714 1738 innumerabilia
1742 1677 2050 1739 miracula
2079 1678 2193 1739 soli
2224 1696 2351 1740 om-

851 1772 1162 1855 nipotenti
1195 1772 1320 1837 Deo
1359 1774 1712 1855 possibilia,
1744 1793 1884 1836 esse
1923 1776 2014 1836 sic
2046 1774 2352 1857 probave-

2462 790 2656 851 ritum
2684 789 3011 863 Sanctum,
3048 799 3115 851 ut
3146 791 3227 851 sit
3260 809 3485 851 sensus
3518 810 3533 851 :
3568 789 3633 851 Si
3668 792 3735 852 in
3765 790 3961 870 digito

2462 888 2595 960 Dei,
2632 889 2695 950 id
2724 898 2819 949 est
2852 898 3161 970 potestate
3200 897 3261 950 et
3290 889 3657 970 operatione
3687 888 3961 970 Spiritus

2463 987 2699 1061 Sancti,
2740 989 2931 1067 ejicio
2980 988 3313 1061 daemonia,
3348 990 3635 1066 profecto
3664 990 3962 1065 pervenit

2463 1088 2533 1143 in
2580 1107 2687 1146 vos
2722 1107 2997 1163 reynum
3030 1090 3171 1157 Dei',
3206 1088 3269 1148 id
3318 1094 3435 1154 est,
3472 1104 3737 1166 regnum
3776 1086 3965 1148 coele-

2462 1192 2559 1245 ste
2602 1204 2713 1245 seu
2766 1184 3091 1247 beatitudo
3136 1194 3371 1246 aeterna
3428 1202 3543 1265 per
3590 1202 3693 1245 me
3742 1182 3963 1265 patefit

2464 1282 2667 1356 vobiS,
2720 1284 2875 1345 dum
2934 1301 3201 1364 regnum
3257 1282 3493 1346 diaboli
3540 1282 3727 1345 vinco
3772 1290 3964 1363 atque

2462 1380 2747 1457 debilit0,
2774 1381 3181 1463 coelestisque
3212 1382 3389 1461 regni
3421 1381 3601 1443 vobis
3632 1380 3963 1443 introitum

2463 1498 2771 1561 praeparo.
2806 1478 3109 1561 Expulsio
3138 1480 3383 1562 quippe
3418 1480 3607 1541 unius
3634 1478 3957 1551 contrarii,

2460 1585 2555 1637 est
2588 1577 2851 1639 alterius
2894 1578 3303 1642 introductio.
3346 1578 3505 1639 Hinc
3544 1578 3611 1639 in
3648 1577 3961 1640 Canonica

2456 1674 2713 1737 Joannis
2752 1677 3063 1759 scriptum
3095 1684 3191 1737 est
3224 1694 3239 1737 :
3274 1676 3341 1737 ln
3385 1675 3505 1737 hoc
3538 1675 3831 1757 apparuit
3862 1674 3959 1735 Fi·
3988 1690 4228 1737 tanam-n.

2460 1774 2584 1835 lius
2632 1775 2763 1847 Dei,
2810 1784 2877 1836 ut
2924 1774 3230 1835 dissolvat
3276 1792 3471 1855 opera
3520 1772 3776 1834 diaboli.
3820 1772 3955 1847 Vel,
3988 1758 4029 1796 ⁸·

851 1877 1022 1931 runt.
1059 1871 1170 1932 Per
1207 1873 1378 1953 quod
1418 1873 1758 1934 vanissima
1805 1882 1998 1955 atque
2045 1874 2351 1953 sacrilega
2386 1876 2433 1937 B
2460 1874 2751 1935 Pervenit
2804 1873 2869 1935 in
2926 1892 3039 1935 vos
3094 1891 3357 1953 regnum
3416 1871 3547 1941 Dei,
3600 1872 3663 1933 id
3716 1878 3811 1932 est
3858 1890 3959 1932 re-

849 1967 1178 2051 Porphyrii
1219 1979 1438 2033 contra
1481 1971 1888 2032 christianam
1929 1971 2124 2034 sidem
2165 1989 2350 2034 exco-

847 2067 1042 2147 gitata
1081 2067 1408 2149 figmenta,
1458 2070 1714 2151 penitus
1757 2070 2195 2132 destruuntur.

947 2164 1184 2227 Deinde
1225 2166 1508 2229 Christus
1549 2167 1629 2228 ad
1671 2168 1840 2229 idem
1885 2168 2195 2231 rationem
2234 2168 2349 2229 ali-

852 2280 956 2324 am
997 2262 1360 2327 introducit.
1395 2267 1477 2327 Si
1502 2274 1714 2325 autem
1745 2286 1858 2343 eqo
1896 2268 1966 2325 in
1997 2267 2349 2327 Beelzebub

851 2362 1042 2439 ejicio
1069 2365 1422 2433 daemonia,
1461 2364 1626 2425 sicut
1662 2362 2022 2445 expositum
2063 2373 2181 2439 est,
2210 2366 2349 2443 filii

854 2460 1076 2531 vestri,
1113 2460 1178 2522 id
1219 2470 1317 2523 est
1357 2462 1638 2543 Apostoli
1680 2463 2004 2545 ceterique
2044 2462 2345 2545 discipuli

853 2558 1002 2633 mei,
1034 2560 1112 2621 de
1143 2568 1350 2621 vestra
1387 2562 1688 2643 progenie
1723 2562 1878 2642 orti;
1911 2562 2034 2636 vel,
2067 2561 2211 2623 Filii
2244 2578 2349 2624 ve-

853 2656 991 2732 stri,
1035 2657 1100 2719 id
1148 2666 1246 2720 est
1289 2660 1616 2722 exorcistae
1660 2660 1851 2723 vestri
1893 2679 1910 2739 ;
1951 2664 2026 2721 in
2065 2680 2191 2740 quo
2226 2662 2349 2737 eji-

851 2756 1084 2817 ciunt?
1121 2756 1186 2818 id
1233 2766 1349 2830 est,
1391 2776 1518 2838 qua
1562 2766 1868 2839 potestate
1909 2759 2223 2821 daemonia
2265 2758 2345 2819 ab

851 2852 1126 2916 obsessis
1183 2855 1555 2936 expellunt?
1605 2855 1809 2939 Supra
1863 2857 2177 2939 scriptum
2226 2865 2340 2932 est,

851 2953 1389 3033 quemadmodum
1417 2954 1696 3035 Apostoli
1738 2963 1803 3016 et
1837 2955 2138 3037 discipuli
2170 2956 2347 3019 Chri-

2454 1973 2713 2053 gnativa
2750 1972 2953 2033 virtus
2991 1989 3065 2032 ac
3098 1970 3445 2033 dominatio
3484 1969 3812 2042 Creatoris,
3844 1969 3957 2050 qui

2459 2088 2573 2151 per
2600 2089 2705 2131 me
2742 2070 3067 2132 hominem
3106 2076 3170 2129 et
3210 2087 3325 2149 per
3358 2086 3567 2129 meam
3607 2067 3963 2129 humanita-

2457 2177 2585 2230 tem
2623 2176 2923 2252 operatur
2956 2168 3024 2229 in
3058 2166 3241 2229 vobis
3280 2167 3637 2229 daemonum
3678 2166 3961 2248 expulsi-

2454 2285 2642 2329 onem
2688 2285 2703 2329 :
2746 2267 2833 2328 ita
2868 2266 3043 2347 quod
3080 2283 3197 2345 ego
3240 2284 3381 2326 sum
3424 2265 3732 2338 ChristuS‚
3776 2264 3957 2327 vobis

2457 2365 2521 2426 in
2571 2365 2707 2446 lege
2746 2384 2819 2427 ac
2860 2364 3192 2446 Prophetis
3232 2363 3609 2446 promissuS,
3653 2371 3953 2444 tanquam

2458 2464 2623 2525 inter
2654 2482 2765 2526 vos
2794 2471 3187 2543 regnaturus.
3209 2462 3293 2523 De
3322 2480 3449 2543 quo
3472 2460 3773 2522 Jeremias
3804 2479 3957 2542 prae-

2455 2562 2616 2624 dixit
2649 2581 2663 2623 :
2698 2561 3006 2643 Regnabit
3046 2561 3198 2634 Rex,
3242 2569 3305 2622 et
3353 2560 3605 2642 sapiens
3648 2560 3789 2621 erit.
3828 2560 3957 2621 An·
3980 2574 4224 2623 ammas.

2452 2661 2634 2741 gelus
2681 2677 2941 2742 quoque
2978 2660 3219 2740 Virgini
3258 2659 3547 2740 gloriosae
3590 2658 3667 2720 de
3706 2658 3953 2721 Christo

2458 2759 2751 2841 praedixit
2774 2777 2787 2819 :
2812 2757 3121 2838 Regnabit
3152 2758 3217 2819 in
3248 2758 3437 2819 domo
3462 2756 3651 2818 Jacob
3682 2756 3747 2818 in
3779 2765 3952 2819 aeter-
3980 2772 4221 2877 ἐπι-κω.

2456 2876 2635 2931 num,
2680 2865 2743 2917 et
2788 2856 2964 2936 regni
3008 2856 3149 2936 ejus
3195 2873 3321 2918 non
3364 2855 3487 2916 erit
3526 2854 3701 2916 finis.

2534 2954 2752 3035 ltaque
2800 2953 3074 3035 Spiritus
3123 2952 3389 3014 Sanctus
3436 2952 3670 3013 dicitur
3716 2951 3951 3031 digitus

851 3050 932 3111 sti
980 3050 1305 3131 eJecerunt
1353 3052 1684 3115 daemonia.
1727 3053 1995 3135 Insuper
2043 3053 2213 3115 inter
2241 3054 2347 3115 Ju-
2382 3054 2426 3117 C
2456 3052 2586 3125 Dei,
2630 3053 2695 3114 id
2735 3060 2829 3114 est
2870 3052 3066 3113 Patris
3103 3070 3177 3113 ac
3218 3049 3360 3112 Filii
3395 3069 3409 3112 :
3445 3050 3559 3132 qui
3601 3050 3765 3112 sicut
3804 3057 3954 3111 sunt

850 3148 1016 3212 daeos
1073 3149 1334 3211 fuerunt
1389 3150 1589 3232 aliqui
1649 3151 1998 3225 exorcistae,
2055 3152 2169 3233 qui
2231 3170 2345 3234 per

847 3248 1230 3311 exorcismos
1279 3266 1390 3311 seu
1445 3249 1871 3330 adjurationes
1917 3270 1954 3311 a
2011 3249 2345 3313 Salomone

847 3346 1070 3421 editos,
1103 3347 1420 3409 daemones
1451 3347 1873 3428 expellebant.
1907 3352 2060 3409 Ideo
2089 3350 2221 3426 ipsi
2250 3349 2339 3424 hi,

847 3444 911 3505 id
952 3452 1048 3505 est
1095 3443 1219 3505 filii
1260 3446 1476 3519 vestri,
1494 3446 1757 3523 judices
1799 3449 1992 3506 vestri
2027 3458 2247 3517 erunt,
2278 3448 2341 3510 id

845 3550 962 3617 est,
994 3543 1148 3624 quia
1176 3544 1536 3606 daemonum
1577 3544 1984 3626 expulsiones
2025 3564 2141 3627 per
2170 3546 2341 3628 ipsos

846 3638 1065 3715 factas,
1109 3658 1234 3703 non
1284 3640 1556 3715 diabolo,
1599 3642 1708 3703 sed
1755 3641 1880 3704 Deo
1928 3642 2337 3705 adscribitis:

846 3757 1006 3820 quas
1045 3757 1082 3800 a
1119 3756 1222 3801 me
1267 3738 1460 3801 factas
1499 3739 1776 3822 principi
1818 3739 2178 3802 adscribitis
2221 3741 2345 3803 dae-

847 3836 1232 3901 moniorum.
1267 3836 1424 3899 Hinc
1474 3837 1598 3899 filii
1652 3838 1750 3900 isti
1795 3838 1986 3900 vestri
2036 3848 2227 3901 erunt
2275 3840 2339 3901 in

847 3936 950 3998 die
994 3935 1220 4016 judicii
1263 3935 1512 4016 judices
1563 3937 1777 4011 vestri,
1829 3956 1955 3999 non
2006 3946 2335 4019 potestate,

845 4036 956 4097 sed
985 4034 1470 4117 comparatione,
1493 4036 1840 4097 secundum
1871 4035 2341 4119 Hieronymum:

843 4133 1146 4215 quoniam
1177 4134 1646 4216 comparatione
1674 4151 1918 4207 eorum,
1954 4136 2054 4197 isti
2089 4154 2341 4217 perver-

2458 3170 2622 3212 unus
2666 3169 2853 3213 verus
2900 3150 3063 3212 Deus
3100 3150 3521 3231 omniumque
3569 3168 3735 3210 unus
3772 3148 3954 3212 Crea-

2454 3258 2572 3323 tor,
2626 3250 2712 3311 ita
2760 3257 2911 3310 sunt
2966 3269 3166 3310 unum
3226 3248 3618 3330 principium
3667 3255 3729 3308 et
3786 3266 3951 3308 unus

2454 3349 2725 3430 spirator
2761 3347 3035 3429 Spiritus
3079 3346 3315 3409 Sancti.
3352 3346 3589 3408 Dicitur
3627 3363 3776 3426 ergo
3812 3345 3951 3427 Spi-

2454 3448 2613 3508 ritus
2642 3447 2907 3510 Sanetus
2938 3446 3173 3526 digitus
3203 3445 3311 3507 Dei
3348 3464 3361 3507 z
3397 3444 3627 3519 Primo,
3650 3444 3801 3527 quia
3831 3445 3952 3505 sic-

2454 3554 2525 3607 ut
2568 3563 2681 3627 per
2728 3546 2997 3625 digitum
3047 3544 3219 3605 entia
3266 3544 3647 3617 indicantur,
3700 3544 3787 3605 ita
3834 3560 3949 3624 per

2452 3643 2758 3724 Spiritum
2808 3642 3109 3705 Sanctum
3158 3642 3375 3703 divina
3422 3640 3790 3704 hominibus
3841 3641 3947 3702 de—

2452 3749 2905 3815 monstrantur,
2959 3741 3140 3821 juxta
3198 3741 3369 3821 quod
3425 3738 3711 3821 loquitur
3763 3738 3943 3801 Chri-

2451 3847 2585 3902 stus
2622 3858 2634 3902 :
2670 3838 2876 3911 Quum
2910 3838 3154 3901 venerit
3194 3837 3301 3899 ille
3331 3838 3603 3919 Spiritus
3635 3837 3937 3913 veritatiS,
3968 3863 4217 3910 amum,

2449 3938 2703 4001 docebit
2750 3956 2860 4000 vos
2917 3954 3172 4000 omnem
3224 3936 3575 3997 veritatem.
3626 3934 3935 4011 Secundo,
3972 3929 4038 3968 ¹³·

2448 4036 2815 4118 quiasicut
2842 4054 2978 4117 ⁵per
3024 4034 3291 4114 digitum
3343 4052 3443 4095 res
3490 4034 3780 4107 sentitur,
3828 4052 3941 4096 seu

2449 4136 2762 4217 quomodo
2790 4133 2993 4215 sapiat
3022 4133 3360 4213 experitur,
3384 4132 3469 4193 ita
3499 4150 3613 4213 per
3641 4132 3941 4214 Spiritum

843 4231 1079 4293 sissimi
1121 4229 1412 4293 Pharisaei
1464 4231 1662 4312 magis
1709 4232 2099 4294 damnabiles
2147 4253 2343 4316 appa-
2371 4233 2420 4295 D
2450 4232 2748 4295 Sanctum
2798 4232 2987 4295 homo
3037 4231 3317 4292 divinam
3367 4230 3693 4311 experitur
3730 4230 3943 4292 dulce-

845 4330 1096 4403 rebunt,
1127 4348 1330 4411 quum
1359 4328 1481 4390 tilii
1514 4329 1606 4391 illi
1640 4330 2000 4393 daemonum
2031 4332 2343 4412 expulsio-

843 4446 956 4490 nes
989 4426 1111 4491 Deo
1139 4426 1502 4503 attribuant,
1526 4427 1631 4489 isti
1664 4427 2265 4505 diabolo.Praeterea,
2286 4432 2337 4493 si

844 4544 959 4609 per
1015 4525 1186 4589 filios
1244 4525 1680 4606 intelligantur
1730 4527 2036 4608 Apostoli,
2097 4537 2341 4591 constat

843 4624 1014 4706 quod
1064 4624 1157 4686 illi
1205 4622 1452 4704 judices
1505 4631 1693 4685 erunt
1739 4624 2100 4687 infidelium
2137 4627 2341 4690 Judae-

845 4742 1028 4786 orum
1081 4724 1143 4785 in
1196 4723 1298 4784 die
1345 4722 1570 4803 judicii
1621 4724 1960 4786 assessoria
2009 4725 2333 4805 dignitate,

845 4822 1381 4905 quemadmodum
1413 4820 1697 4884 Christus
1728 4822 1818 4883 eis
1852 4823 2145 4903 praedixit
2177 4843 2190 4886 ε
2218 4824 2337 4888 Vos

844 4922 956 5004 qui
998 4920 1200 4983 secuti
1241 4920 1392 4981 estis
1436 4939 1559 4993 me,
1593 4921 1892 4983 sedebitis
1937 4940 2129 5003 super
2166 4924 2340 4987 thro-

845 5038 958 5083 nos
999 5018 1355 5099 judicantes
1398 5018 1730 5081 duodecim
1775 5018 1980 5081 tribus
2025 5020 2235 5082 lsrael.

921 5120 1154 5186 Porro,
1188 5134 1302 5198 pro
1350 5117 1481 5189 sed,
1523 5117 1609 5186 si,
1640 5135 1754 5198 pro
1801 5116 1974 5198 quia,
2009 5120 2078 5177 in
2128 5120 2336 5196 diyito

841 5218 966 5278 Dei
999 5216 1189 5292 ejicio
1226 5215 1572 5276 doemonia.
1603 5214 1669 5276 ln
1719 5214 2004 5277 Matthaeo
2053 5215 2285 5297 legitur
2318 5236 2333 5279 ;

549 5336 818 5390 uua-13⁸.
842 5313 907 5377 Si
937 5313 1004 5377 in
1044 5312 1276 5396 spiritu
1315 5311 1422 5373 Dei
1459 5311 1648 5393 ejicio
1686 5313 2026 5376 daemoneS.
2059 5312 2193 5386 Quo
2232 5334 2340 5398 pa-

2450 4333 2687 4394 dinem.
2720 4330 2949 4403 Tertio,
2985 4330 3137 4411 quia
3174 4330 3340 4391 sicut
3382 4347 3497 4411 per
3526 4329 3793 4408 digitum
3834 4330 3947 4392 ho-

2450 4449 2554 4493 mo
2587 4430 2905 4511 praeeipue
2932 4446 3125 4510 opera
3154 4446 3269 4489 sua
3296 4427 3688 4509 exsequitur,
3714 4428 3800 4489 ita
3830 4447 3943 4510 per

2448 4531 2611 4592 dona
2648 4527 2922 4609 Spiritus
2962 4525 3195 4601 Sancti,
3228 4526 3437 4589 omnis
3477 4526 3665 4589 homo
3704 4526 3941 4588 electus

2446 4646 2641 4708 opera
2667 4635 2917 4689 aeternae
2948 4625 3093 4688 vitae
3122 4623 3443 4687 meritoria
3472 4632 3789 4705 operatur.
3821 4624 3943 4685 Au-

2443 4725 2737 4806 gustinus
2792 4743 2941 4787 vero
3002 4724 3066 4785 in
3128 4723 3291 4787 libro
3349 4723 3427 4784 de
3478 4722 3939 4794 Quaestionibus

2446 4823 2769 4903 Evangelii
2832 4821 3076 4895 scribit,
3129 4822 3299 4903 quod
3349 4819 3622 4901 Spiritus
3676 4819 3939 4882 Sanctus

2446 4922 2679 4983 dicitur
2701 4921 2934 5001 digitus
2966 4920 3091 4993 Dei,
3118 4927 3377 5001 propter
3406 4918 3807 4999 partitionem
3838 4920 3941 4981 do—

2446 5038 2673 5082 norum
2704 5038 2848 5100 quae
2876 5018 2955 5079 ab
2988 5019 3129 5100 ipso
3161 5025 3558 5099 praestantur.
3583 5015 3705 5077 Alii
3738 5016 3931 5091 enim,
4000 5045 4211 5090 mmm,

2448 5128 2519 5180 ut
2553 5119 2642 5179 ait
2678 5118 3037 5198 Apostolus,
3082 5135 3197 5198 per
3230 5115 3539 5197 Spiritum
3584 5114 3767 5175 datur
3806 5132 3938 5175 ser-
3966 5110 4151 5161 ⁸⁶⁰&-

2446 5235 2552 5279 mo
2604 5216 2949 5298 sapientiae,
3000 5214 3109 5276 alii
3162 5214 3363 5294 gratia
3412 5213 3773 5287 sanitatum,
3826 5212 3932 5274 alii

2446 5315 2729 5398 operatio
2758 5315 3092 5388 virtutum,
3122 5320 3243 5375 etc.
3266 5310 3341 5375 Et
3370 5312 3558 5394 paulo
3587 5320 3733 5394 post
3760 5312 3935 5374 addit
