4300 6259
825 454 905 519 96

568 949 661 993 ιΤι·
662 961 797 998 mmmmm
828 936 1141 999 Habentes
1192 938 1431 1001 victum
1482 945 1543 999 et
1586 937 1821 1020 quibus
1870 945 2177 1017 tegamur,
2225 935 2324 996 his
2436 935 2678 1017 praelati
2717 937 2928 1000 devoti
2966 955 3040 999 ac
3077 935 3330 1010 fervidi,
3365 935 3499 999 zelo
3536 934 3756 996 salutis
3791 952 3926 1015 pro-

536 1019 578 1067 ⁸²
601 1018 643 1058 ⁹·
828 1037 1105 1098 contenti
1156 1036 1356 1099 simus
1404 1055 1418 1100 :
1467 1056 1614 1098 nam
1662 1035 1775 1117 qui
1826 1035 2049 1099 volunt
2095 1033 2324 1097 divites
2435 1033 2751 1096 ximorum
2811 1035 3124 1108 succensi,
3179 1034 3302 1097 Deo
3359 1033 3646 1096 dolorose
3692 1051 3766 1094 ac
3823 1031 3926 1113 pie

827 1133 993 1208 fieri,
1039 1135 1331 1196 incidunt
1378 1135 1443 1196 in
1482 1135 1861 1198 tentationes
1910 1141 1973 1196 et
2022 1134 2322 1214 laqueum
2434 1141 2936 1214 conqueruntur,
2970 1134 3123 1195 dum
3169 1151 3393 1215 parum
3433 1139 3542 1194 aut
3582 1131 3744 1193 nihil
3787 1149 3928 1212 pro-

825 1233 1082 1296 diaboli.
1135 1232 1458 1307 Praeterea,
1512 1233 1864 1295 secundum
1923 1230 2317 1312 Gregorium,
2435 1230 2665 1294 ficiunt
2717 1250 2731 1294 ε
2787 1231 2952 1294 sicut
2998 1238 3060 1293 et
3107 1231 3380 1292 maxime
3426 1231 3722 1311 gaudent,
3775 1231 3924 1291 dum

822 1331 1125 1412 quoniam
1176 1349 1400 1394 sensus
1450 1331 1807 1413 corporales
1858 1330 2108 1392 interna
2153 1347 2324 1392 com-
2437 1329 2668 1393 multos
2723 1337 3124 1404 convertunt,
3175 1330 3712 1411 quemadmodum
3760 1327 3926 1409 Apo·

824 1429 1217 1510 prehendere
1266 1438 1616 1511 nequeunt,
1670 1430 1779 1492 sed
1829 1429 1962 1492 sola
2011 1428 2323 1490 exteriora
2435 1428 2632 1491 stolus
2668 1428 2906 1492 :Multa
2953 1428 3111 1490 mihi
3160 1427 3399 1490 fiducia
3438 1435 3532 1490 est
3579 1427 3747 1509 apud
3791 1445 3921 1500 νος,
3971 1443 4226 1491 nemu,

822 1534 1231 1607 cognoscunt,
1260 1535 1426 1589 recte
1458 1545 1573 1610 per
1601 1527 1775 1590 hunc
1806 1527 2182 1599 secundum,
2207 1525 2320 1607 qui
2435 1527 2635 1590 multa
2663 1527 2823 1590 mihi
2860 1527 3152 1608 gloriatio
3181 1535 3276 1590 est
3315 1546 3431 1609 pro
3461 1526 3681 1606 vobis3
3722 1525 3926 1607 reple-
3951 1510 4000 1550 ⁴·

820 1625 1110 1707 quinque
1146 1625 1299 1707 juga
1335 1625 1529 1688 boum
1570 1625 1745 1700 emit,
1780 1624 1843 1687 id
1883 1632 1997 1699 est,
2030 1625 2322 1706 quinque
2432 1633 2536 1687 tus
2567 1645 2710 1688 sum
2740 1626 3188 1702 consolatione,
3223 1625 3670 1707 superabundo
3696 1625 3926 1705 gaudio

820 1741 1045 1786 sensus
1084 1724 1429 1787 exteriores
1466 1743 1502 1786 a
1544 1723 1666 1787 Deo
1718 1723 1983 1804 accepit,
2018 1729 2322 1805 tanquam
2437 1723 2502 1785 in
2550 1724 2724 1787 omni
2777 1723 3188 1786 tribulatione
3247 1731 3479 1786 nostra.
3531 1723 3772 1785 Dicitur
3819 1742 3927 1784 au-

823 1822 1129 1885 rationem
1168 1823 1527 1884 redditurus
1558 1823 1635 1884 de
1664 1822 1779 1897 eis,
1813 1821 2046 1884 curiosi
2079 1820 2326 1901 signan-
2361 1825 2408 1887 Β
2435 1831 2562 1884 tem
2604 1840 2826 1886 servus
2863 1821 3130 1885 Domino
3168 1821 3413 1884 Christo
3454 1822 3764 1895 nuntiare,
3801 1840 3924 1884 non

823 1927 949 1994 tur,
983 1921 1099 2003 qui
1138 1921 1292 1983 dum
1328 1920 1599 1983 aliorum
1647 1928 1945 2002 quaerunt
1984 1919 2180 1982 vitam
2229 1920 2325 1982 di-
2435 1922 2618 2004 quasi
2670 1922 2808 2004 ipse
2856 1922 3102 2003 ignoret
3148 1922 3321 2003 quod
3365 1929 3615 2002 gestum
3661 1921 3764 1994 sit,
3817 1921 3926 1982 sed

828 2027 1095 2094 scutere,
1132 2019 1424 2101 proprios
1464 2017 1748 2081 defectus
1778 2019 2083 2082 omittunt
2111 2017 2326 2099 adspi-
2437 2028 2508 2083 ut
2559 2038 2674 2083 nos
2729 2020 3018 2084 ordinem
3079 2019 3395 2102 parabolae
3455 2020 3591 2083 sive
3648 2019 3926 2082 historiae

829 2133 993 2179 cere.
2437 2117 2887 2199 intelligamus.

623 2220 695 2277 20
909 2217 993 2277 Et
1041 2216 1215 2275 alius
1262 2215 1440 2274 dimit
1468 2235 1491 2274 .·
1531 2215 1804 2276 Umorem
1853 2216 2046 2287 dumi,
2076 2222 2137 2274 et
2179 2214 2322 2273 ideo
2522 2219 2700 2278 Tunc
2727 2219 2938 2278 iratus
2957 2218 3470 2295 paterfamilias,
3490 2215 3731 2279 scilicet
3760 2216 3928 2280 Chri-

826 2334 957 2376 non
979 2333 1239 2391 possum
1272 2315 1510 2374 venire.
1546 2311 1662 2374 Per
1698 2312 1872 2375 hunc
1910 2312 2324 2393 designantur
2436 2324 2594 2392 stuS,
2639 2325 2898 2400 propter
2940 2324 3177 2379 tantam
3226 2316 3558 2380 hominum
3601 2316 3928 2398 ingratitu-

825 2412 1158 2476 luxuriosi.
1192 2411 1347 2474 Nam
1386 2411 1681 2493 quamvis
1722 2411 2201 2474 matrimonium
2242 2410 2323 2472 sit
2435 2415 2674 2477 dinem.
2727 2416 2824 2477 Ira
2877 2422 3091 2477 autem
3139 2433 3266 2478 non
3323 2415 3628 2496 competit
3683 2414 3928 2478 Christo

823 2511 1063 2575 bonum
1127 2530 1201 2574 ac
1267 2510 1541 2580 licitum.
1592 2518 1786 2592 atque
1842 2511 1921 2572 ad
1977 2528 2324 2592 propagan-
2435 2515 2786 2577 secundum
2829 2533 3009 2576 suam
3047 2513 3465 2588 divinitatem,
3499 2520 3809 2596 quantum
3845 2515 3928 2576 ad

822 2612 967 2674 dam
1014 2611 1299 2675 sobolem
1355 2611 1571 2674 divina
1619 2609 2021 2692 providentia
2072 2609 2326 2672 institu-
2435 2613 2804 2694 passionum
2861 2610 3154 2686 affectuS,
3208 2613 3317 2674 sed
3367 2613 3574 2693 quoad
3632 2611 3930 2674 similitu-

823 2717 980 2784 tum,
1028 2709 1213 2772 multi
1261 2718 1471 2773 tamen
1525 2727 1640 2792 per
1689 2709 1808 2772 hoc
1856 2727 1984 2773 non
2033 2706 2326 2770 fecundi-
2432 2711 2648 2773 dinem
2695 2711 2930 2793 operis.
2972 2710 3162 2774 Porro
3211 2710 3304 2772 ira
3353 2728 3466 2792 per
3513 2711 3740 2784 zelum,
3785 2729 3930 2792 quae

824 2815 1014 2870 tatem
1065 2808 1285 2891 proliS,
1342 2809 1450 2870 sed
1500 2807 1965 2890 turpitudinem
2015 2815 2325 2889 expetunt
2432 2816 2528 2870 est
2567 2809 2889 2890 appetitus
2931 2809 3226 2872 vindictae
3275 2809 3628 2870 secundum
3668 2808 3928 2872 rationis

824 2907 1181 2988 voluptatis.
1201 2907 1346 2970 Ideo
1376 2925 1489 2988 per
1520 2923 1655 2969 rem
1684 2906 1920 2986 justam
1950 2924 2023 2968 ac
2054 2905 2316 2980 licitam,
2432 2907 2770 2982 dictamen,
2804 2906 2926 2968 fuit
2965 2907 3030 2968 in
3072 2906 3318 2970 Christo
3357 2908 3704 2969 secundum
3745 2925 3927 2969 suam

822 3023 949 3068 non
1011 3005 1359 3087 incongrue
1409 3005 1776 3086 designatur
1834 3023 1934 3066 res
1984 3005 2204 3086 impia,
2252 3013 2322 3066 ut
2359 3004 2402 3067 C
2433 3005 2914 3068 humanitatem.
2949 3007 3141 3067 Dixit
3176 3025 3354 3066 servo
3391 3025 3534 3075 suo,
3573 3005 3638 3067 id
3677 3012 3792 3080 est,
3823 3025 3928 3068 on-

819 3103 975 3165 dicit
1013 3101 1373 3184 Gregorius.
1414 3102 1487 3164 Et
1524 3103 1677 3183 quia
1716 3103 2008 3185 voluptas
2050 3103 2320 3165 carnalis
2433 3104 2565 3165 dini
2600 3104 3085 3186 praedicatorum
3117 3122 3378 3167 suorum
3408 3103 3710 3186 praecepit
3741 3122 3755 3166 ε
3791 3107 3928 3165 Exi

822 3201 1168 3264 fortissime
1198 3200 1349 3283 ligat
1378 3209 1442 3264 et
1469 3209 1758 3283 occupat,
1798 3199 2174 3283 infimisque
2206 3201 2325 3262 im-
2431 3221 2466 3264 a
2507 3203 3042 3285 contemplatione
3089 3203 3167 3265 ad
3215 3202 3486 3266 aliorum
3537 3201 3929 3265 informatio-

821 3300 1051 3381 mergit
1109 3300 1435 3363 hominem
1491 3318 1505 3362 :
1560 3301 1701 3362 ideo
1750 3300 1975 3362 tertius
2024 3299 2143 3362 iste
2192 3317 2320 3362 non
2435 3319 2580 3364 nem
2629 3321 2702 3364 ac
2752 3301 3253 3374 conversionem,
3295 3303 3449 3370 cito,
3485 3301 3637 3382 quia
3678 3301 3928 3383 pericu-

820 3398 1001 3474 dixit,
1046 3396 1214 3479 Rogo
1262 3406 1346 3472 te,
1392 3398 1555 3460 habe
1603 3417 1707 3461 me
1754 3405 2168 3478 excusatum3
2211 3399 2322 3460 sed
2433 3401 2568 3462 lum
2607 3407 2703 3462 est
2747 3400 2812 3462 in
2856 3417 3053 3473 mora,
3087 3406 3151 3461 et
3189 3399 3327 3461 sine
3375 3399 3674 3463 dilatione
3716 3400 3928 3481 provi-

821 3497 1200 3579 simpliciter
1239 3496 1547 3578 loquitur,
1588 3497 1720 3560 Non
1774 3514 2033 3578 possum
2076 3497 2317 3560 venire.
2434 3499 2712 3561 dendum
2757 3504 2852 3559 est
2898 3496 3254 3558 animarum
3305 3496 3515 3558 saluti.
3556 3494 3688 3569 Quo
3729 3497 3926 3561 verbo

819 3595 974 3658 Nam
1022 3604 1084 3658 et
1132 3596 1270 3678 ipsa
1311 3595 1604 3678 voluptas
1655 3595 1925 3658 carnalis
1977 3595 2141 3677 parit
2185 3615 2324 3658 ace-
2436 3598 2901 3676 redarguuntur
2929 3594 3370 3676 praedicatores
3398 3600 3461 3656 et
3490 3594 3727 3676 praelati
3759 3595 3930 3676 igna-

822 3694 990 3757 diam
1025 3701 1217 3776 atque
1257 3693 1585 3757 fastidium
1621 3693 2008 3769 divinorum,
2042 3693 2322 3776 facitque
2436 3696 2498 3759 vi
2548 3702 2611 3756 et
2649 3694 2835 3768 tardi,
2879 3693 2992 3775 qui
3039 3692 3212 3754 facili
3260 3693 3587 3756 occasione
3629 3695 3927 3776 praedica-

825 3792 1147 3856 hominem
1188 3793 1265 3854 ad
1304 3793 1611 3855 virtutum
1648 3811 1841 3875 opera
1879 3793 2318 3874 impotentem.
2435 3795 2671 3857 tionem
2712 3792 3016 3856 omittunt
3055 3799 3165 3853 aut
3207 3789 3536 3853 differunt.
3569 3795 3648 3853 In
3674 3796 3928 3871 plateas

535 3913 793 3964 ocenum«.
825 3891 1084 3972 Propter
1129 3891 1300 3971 quod
1350 3891 1416 3952 in
1465 3889 1619 3952 Osee
1669 3891 1937 3952 habetur
1980 3908 1993 3952 ε
2036 3889 2323 3954 Fornica-
2433 3903 2493 3954 et
2533 3895 2701 3954 vicos
2741 3892 3048 3952 civitatis.
3091 3888 3206 3951 Per
3254 3889 3572 3952 civitatem
3623 3889 3742 3952 hoc
3788 3891 3926 3956 loco

826 3990 934 4062 tio,
969 3996 1031 4050 et
1067 3989 1362 4063 ebrietaS,
1396 3996 1459 4050 et
1501 3989 1723 4052 vinum
1766 3988 2067 4051 auferunt
2109 4008 2238 4053 cor.
2437 3990 2812 4071 intelligitur
2854 3987 3196 4071 Synagoga,
3238 4007 3382 4070 quae
3423 3986 3546 4050 fuit
3585 3988 3927 4070 aliquando

902 4088 1120 4168 ltaque
1170 4087 1455 4151 Christus
1507 4087 1571 4149 in
1621 4088 1741 4149 ista
1790 4087 2089 4169 parabola
2137 4089 2324 4151 deno·
2437 4090 2658 4153 civitas
2700 4088 2832 4161 Dei,
2866 4087 3032 4149 sicut
3069 4105 3242 4148 nunc
3278 4094 3376 4148 est
3411 4085 3729 4168 Ecclesia3
3779 4085 3928 4148 l'uit-

824 4195 932 4261 tat‚
967 4187 1139 4268 quod
1185 4204 1299 4268 per
1338 4186 1727 4268 superbiam,
1760 4186 2089 4249 avaritiam
2131 4195 2324 4269 atque
2358 4190 2404 4253 D
2434 4207 2561 4270 que
2609 4187 2932 4270 Synagoga
2989 4184 3126 4266 lege
3183 4184 3450 4257 munita,
3505 4185 3686 4266 quasi
3745 4204 3927 4249 muro

824 4285 1143 4347 luxuriam
1184 4285 1475 4347 homines
1514 4304 1551 4346 a
1592 4303 1706 4346 sua
1763 4285 2085 4366 praecipue
2126 4285 2326 4368 impe-
2436 4288 2668 4349 clausa.
2705 4283 2817 4345 Per
2847 4282 3084 4365 plateas
3113 4299 3372 4363 quoque
3411 4282 3741 4363 signantur
3771 4283 3928 4344 mul-

546 4400 794 4454 mamm,
826 4383 1083 4445 diantur
1120 4383 1344 4444 salute.
1380 4383 1524 4446 Ideo
1563 4381 1831 4445 Ioannes
1878 4382 2102 4444 asserit
2135 4401 2148 4446 ε
2183 4383 2326 4446 Om-
2431 4382 2736 4446 titudines
2797 4380 3130 4444 hominum
3194 4379 3468 4461 majores
3506 4399 3522 4458 ;
3583 4399 3698 4463 per
3753 4379 3926 4444 vicos

536 4465 601 4508 ¹⁶·
828 4500 907 4544 ne
962 4482 1132 4564 quod
1193 4488 1289 4544 est
1352 4481 1417 4543 in
1483 4481 1743 4554 mundo,
1806 4481 2325 4562 concupiscentia
2431 4490 2666 4556 autem,
2728 4478 3170 4542 multitudines
3229 4478 3531 4552 minoreS,
3591 4479 3743 4560 quia
3797 4497 3924 4542 non

828 4580 1035 4643 carnis
1074 4587 1192 4656 est,
1226 4587 1289 4642 et
1318 4578 1834 4661 concupiscentia
1875 4579 2229 4656 oculorum,
2263 4589 2325 4644 et
2433 4579 2652 4642 multis
2702 4584 2970 4652 tantum,
3023 4577 3135 4639 sed
3181 4583 3242 4638 et
3293 4577 3513 4658 paucis
3563 4585 3658 4638 est
3703 4575 3928 4659 praedi-

828 4678 1132 4761 superbia
1174 4678 1339 4742 vitae.
2434 4680 2729 4742 candum.
2762 4676 2872 4738 Vel
2925 4693 3039 4758 per
3077 4675 3314 4758 plateas
3365 4682 3661 4740 notantur
3701 4675 3810 4757 qui
3855 4675 3923 4737 in

620 4787 689 4844 21
904 4780 992 4839 Et
1030 4797 1319 4838 reversus
1353 4797 1600 4846 servus,
1634 4775 1698 4839 id
1746 4782 1863 4850 est,
1896 4776 2051 4840 ordo
2101 4773 2336 4859 praedi-‘
2435 4777 2757 4860 prosperis
2804 4775 2986 4857 quasi
3040 4774 3103 4837 in
3154 4774 3489 4837 latitudine
3545 4782 3760 4854 erant3
3813 4793 3927 4856 per

828 4884 1109 4939 catorum
1140 4875 1218 4937 ab
1248 4883 1392 4937 actu
1433 4875 1895 4956 praedicationis
1936 4876 2012 4937 ad
2044 4883 2325 4939 contem-
2435 4877 2624 4949 vicoS,
2655 4875 2767 4957 qui
2798 4872 3284 4937 adversitatibus
3316 4873 3777 4954 premebantur.
3806 4872 3929 4934 Pla-

828 4973 1125 5056 plationis
1184 4974 1465 5054 quietem
1526 4980 1848 5035 revertens
1902 4991 1916 5036 ε
1971 4974 2124 5055 quia
2183 4983 2325 5056 post
2435 4983 2535 5036 tea
2583 4972 2756 5035 enim
2803 4978 2897 5034 est
2946 4971 3130 5034 latior
3172 4970 3334 5034 vico.
3369 4973 3458 5032 Ει
3489 4990 3824 5048 pauperes,
3861 4970 3926 5032 id

824 5089 1093 5154 operum
1151 5071 1536 5134 exteriorum
1593 5071 2085 5147 exsecutionem,
2138 5073 2325 5136 debet
2434 5080 2530 5135 est
2576 5071 2776 5153 gratia
2832 5069 2943 5132 Dei
2990 5088 3063 5131 ac
3112 5068 3553 5151 spiritualibus
3599 5069 3780 5132 donis
3827 5087 3932 5131 ca-

828 5170 1199 5253 praedicator
1227 5177 1419 5252 atque
1448 5170 1743 5252 praelatus
1772 5172 1850 5235 ad
1882 5171 2183 5235 interiora
2211 5192 2327 5236 sua
2435 5178 2667 5245 rentes,
2699 5189 2778 5230 ac
2810 5170 3048 5230 debiles
3085 5168 3163 5229 ad
3202 5167 3364 5229 bene
3397 5167 3737 5247 agendum.
3782 5165 3928 5229 Pec-

546 5295 787 5347 Pama.
829 5268 1058 5345 redire,
1092 5268 1215 5332 Deo
1255 5286 1499 5345 vacare,
1532 5275 1594 5331 et
1631 5287 1843 5334 coram
1883 5287 1958 5333 eo
1986 5287 2095 5332 cor
2132 5289 2323 5333 suum
2435 5277 2645 5333 catum
2691 5268 2863 5330 enim
2905 5266 3199 5330 vulnerat
3237 5265 3564 5340 naturalia,
3597 5265 3684 5326 ita
3724 5272 3794 5327 ut
3833 5265 3926 5328 vi-

1582 473 1933 522 muniunto
1978 472 2041 518 m
2082 471 2221 519 GAP.
2270 471 2375 517 xlv
2417 470 2608 518 LUGAE.
2651 490 2734 502 —
2773 472 2916 518 Am.
2963 472 3176 519 XXXVI!

824 660 1205 723 congregare
1242 651 1351 706 aut
1390 643 1662 706 retinere
1708 642 2098 726 temporalia,
2132 659 2326 722 quam
2357 639 2406 699 A
2436 637 2811 720 effundere3
2851 641 3190 702 nuntiavit
3219 643 3377 709 hoec,
3406 657 3522 722 per
3558 637 3924 704 interiorem

827 758 1087 802 necesse
1126 759 1239 803 seu
1291 742 1445 804 utile
1488 742 1673 805 nobis
1714 749 1811 803 est
1848 742 1927 802 ad
1971 738 2328 822 spiritualia

827 838 1193 902 obtinenda.
1245 839 1506 922 Propter
1553 841 1726 922 quod
1781 840 1870 901 ait
1916 837 2254 920 Apostolus
2307 854 2320 898 :

2436 736 2899 802 confessionem
2931 745 2994 800 et
3020 738 3489 812 allocutionem,
3507 740 3767 798 domino
3791 757 3923 806 suo,

2435 836 2680 898 scilicet
2729 836 2998 900 Christo.
3049 837 3486 900 Praedicatores
3545 853 3818 917 namque
3865 843 3923 896 et
