4300 6259
799 479 923 544 536
1526 497 1876 546 ananum-10
1917 497 1982 544 m
2021 497 2163 545 car.
2210 498 2313 545 xiv
2353 498 2629 546 somnis.
2672 518 2755 528 —
2793 500 2938 546 Αιιτ.
2982 499 3175 546 xxxvi

801 685 952 749 ergo
992 668 1128 731 vult
1167 667 1479 752 Spiritum
1521 667 1818 730 Sanctum
1871 669 2157 750 recipere
2196 668 2297 730 vel
2326 668 2564 751 A'quid
2607 677 2873 752 possunt
2909 669 3031 732 filii
3072 669 3287 751 sponsi
3332 669 3549 750 lugere
3586 669 3899 750 quamdiu

801 785 1077 843 servare,
1129 767 1432 830 affectum
1480 787 1668 830 suum
1716 787 1754 829 a
1799 769 2038 831 mundo
2086 775 2150 829 et
2197 768 2297 830 his
2406 786 2553 829 cum
2615 768 2743 829 illis
2800 777 2895 830 est
2952 787 3224 850 sponsus
3245 769 3299 847 2)
3348 787 3362 829 :
3422 767 3743 849 quamviS,
3794 767 3895 830 in-

801 884 946 946 quae
993 874 1143 928 sunt
1190 866 1256 928 in
1307 867 1546 928 mundo
1592 872 1853 940 avertat,
1889 885 2015 929 non
2065 884 2134 928 se
2184 885 2297 948 per
2404 885 2621 948 quam,
2673 867 2766 928 sic
2826 867 3111 930 recedam
3172 885 3209 927 a
3266 866 3468 940 vobiS,
3518 874 3581 927 et
3639 866 3897 928 interim

801 964 1114 1026 exteriora
1151 963 1492 1038 diffundat,
1528 984 1652 1026 non
1693 965 1860 1026 circa
1899 983 2058 1027 vana
2097 973 2160 1026 et
2188 984 2299 1026 cu-
2406 965 2544 1026 sitis
2588 965 2830 1027 similes
2878 964 3203 1046 orphaniS,
3244 965 3399 1045 quia
3438 983 3579 1026 mea
3627 983 3897 1046 praesen·

803 1062 970 1124 riosa
1011 1064 1444 1143 cognoscenda
1489 1081 1556 1124 se
1595 1070 1898 1144 occupet;
1931 1064 2039 1125 sed
2087 1064 2299 1126 redeat
2408 1064 2493 1126 tia
2529 1072 2721 1144 atque
2760 1064 2983 1127 solatio
3022 1063 3330 1138 destituti,
3366 1083 3490 1126 non
3532 1071 3743 1125 tamen
3782 1063 3896 1126 diu

802 1162 880 1223 ad
920 1179 986 1222 se
1027 1161 1262 1243 ipsum,
1297 1161 1514 1223 divina
1553 1161 1801 1223 studeat
1829 1161 2046 1224 videre
2083 1169 2146 1223 et
2186 1162 2299 1224 sci·
2406 1163 2497 1224 sic
2536 1163 2821 1225 desinam
2863 1181 2994 1226 vos.
3038 1162 3299 1243 Propter
3336 1163 3507 1243 quod
3548 1162 3845 1224 subditur
3878 1181 3892 1223 :

525 1271 773 1324 nonum,
805 1277 893 1320 re.
927 1259 1086 1322 Hinc
1112 1259 1380 1322 Joannes
1411 1258 1498 1321 ait
1533 1278 1546 1321 :
1579 1259 1784 1322 Nolite
1819 1259 2082 1339 diligere
2113 1279 2298 1321 mun·
2414 1265 2671 1324 Veniam
2714 1265 2802 1322 ad
2844 1283 2952 1323 vos
2999 1269 3141 1343 post
3188 1261 3740 1328 resurrectionem.
3784 1279 3898 1342 per

511 1338 577 1379 ¹⁵·
804 1359 954 1420 dum
1002 1375 1212 1438 neque
1250 1375 1324 1419 ea
1365 1376 1509 1438 quae
1550 1357 1616 1419 in
1661 1358 1902 1419 mundo
1941 1367 2110 1431 sunt,
2145 1359 2299 1439 quia
2404 1359 2773 1422 sensibilem
2808 1361 3295 1442 apparitionem,
3328 1359 3728 1441 spiritualem
3758 1379 3900 1422 con·

803 1455 856 1518 si
907 1456 1053 1536 quis
1101 1454 1308 1536 diligit
1355 1457 1689 1530 mundum,
1744 1475 1869 1519 non
1927 1464 2021 1518 est
2069 1457 2295 1519 caritas
2405 1459 2799 1532 solationem,
2836 1459 3279 1540 internamque
3322 1457 3773 1521 visitationem.

803 1553 999 1616 Patris
1049 1554 1114 1616 in
1159 1573 1256 1617 eo.
2484 1560 2716 1620 Adhuc
2744 1559 3066 1618 modicum
3098 1565 3349 1638 tempus
3380 1564 3591 1630 restat,
3625 1567 3685 1618 et
3716 1579 3901 1618 mun·
4045 1571 4115 1626 {9

881 1653 994 1716 Per
1025 1653 1144 1717 hoc
1175 1653 1344 1734 quod
1378 1653 1618 1715 dictum
1649 1660 1758 1726 est,
1787 1651 1982 1725 Quem
2015 1653 2294 1714 mundus
2402 1661 2526 1718 dus
2578 1677 2671 1716 me
2704 1657 2856 1732 jam
2894 1677 3023 1717 non
3064 1659 3261 1723 videt,
3302 1655 3365 1718 id
3414 1663 3529 1729 est,
3580 1656 3693 1718 illo
3744 1664 3899 1718 tem-

803 1771 928 1816 non
989 1759 1194 1834 potest
1249 1752 1558 1832 accipere,
1612 1770 1738 1815 non
1788 1759 1884 1813 est
1939 1751 2297 1832 intelligen—
2406 1774 2559 1838 pore
2602 1763 3060 1828 consummato,
3107 1755 3397 1817 homines
3444 1755 3749 1817 mundani
3794 1773 3899 1816 me

803 1851 952 1912 dum
991 1851 1161 1931 quod
1202 1857 1561 1931 peccatores
1591 1857 1652 1910 et
1687 1850 2020 1912 saeculares
2060 1868 2296 1932 nequa·
2331 1853 2379 1914 B
2408 1853 2572 1915 ultra
2619 1871 2743 1916 non
2795 1852 3101 1914 videbunt
3158 1851 3225 1914 in
3284 1851 3515 1914 saeculo
3572 1853 3716 1915 isto.
3770 1852 3901 1916 Hoc

799 1968 996 2032 quam
1026 1949 1271 2031 possint
1303 1949 1592 2030 accipere
1623 1947 1934 2030 Spiritum
1967 1949 2289 2011 Sanctum.
2407 1951 2751 2022 modicum,
2786 1950 2909 2012 fuit
2948 1967 3153 2031 usque
3188 1951 3265 2012 ad
3304 1950 3713 2031 sepulturam,
3747 1970 3903 2032 quo-

802 2047 905 2110 Sic
953 2048 1124 2110 enim
1175 2047 1457 2110 converti
1510 2066 1635 2110 non
1687 2056 1964 2129 possent,
2001 2055 2295 2129 essetque
2406 2050 2575 2112 niam
2622 2049 2869 2113 Christo
2912 2049 3183 2131 sepulto,
3225 2049 3501 2130 amplius
3550 2068 3675 2111 non
3724 2049 3901 2112 vide-

802 2147 1268 2228 desperandum
1326 2147 1404 2208 de
1461 2165 1680 2210 eorum
1740 2146 1963 2208 salute.
2025 2145 2143 2208 Sed
2205 2147 2296 2208 sic
2406 2157 2556 2211 runt
2610 2166 2757 2211 eum
2816 2155 3127 2210 amatores
3194 2147 3439 2209 mundi.
3514 2151 3623 2209 Vos
3678 2159 3894 2209 autem

801 2244 1286 2326 intelligendum
1315 2253 1431 2319 est,
1465 2245 1635 2326 quod
1667 2245 1731 2306 in
1763 2252 2074 2327 quantum
2115 2245 2292 2320 taleS,
2406 2249 2702 2308 videbitis
2752 2267 2849 2308 me
2907 2254 3050 2328 post
3108 2247 3658 2320 resurrectione-m,
3710 2247 3898 2310 oculo

801 2363 928 2409 non
976 2352 1126 2407 sunt
1166 2360 1428 2426 capaces
1477 2342 1752 2426 Spiritus
1798 2343 2032 2418 Sancti,
2073 2363 2297 2425 quam·
2406 2346 2715 2428 corporali
2764 2354 2829 2408 et
2875 2344 3311 2407 intellectuali.
3353 2344 3480 2408 Hoc
3522 2345 3679 2407 dicit
3722 2345 3899 2408 Chri-

803 2444 898 2506 vis
937 2441 1209 2526 Spiritus
1249 2441 1513 2505 Sanctus
1553 2443 1753 2524 possit
1789 2461 1895 2506 eos
1939 2443 2296 2506 misericor-
2405 2452 2561 2518 stuS,
2613 2444 2765 2526 qui-a
2818 2451 2959 2525 post
3014 2443 3540 2506 resurrectionem
3598 2446 3899 2526 apparuit

800 2541 964 2603 diter
996 2541 1369 2623 praevenire,
1404 2539 1884 2622 incapacitatem
1921 2540 2193 2614 auferre,
2228 2559 2295 2603 se
2406 2543 2556 2607 solis
2593 2542 2928 2624 discipulis
2962 2561 2975 2604 :
3018 2549 3276 2624 propter
3313 2543 3483 2622 quod
3522 2541 3743 2604 Petrus
3778 2542 3891 2618 ait,

801 2639 1013 2722 ipsum
1056 2638 1416 2701 infundere.
1449 2638 1552 2701 Sic
1591 2639 1762 2700 enim
1802 2638 1981 2702 Pater
2015 2640 2118 2702 dat
2158 2639 2296 2722 Spi-
2404 2642 2573 2724 quod
2622 2642 2784 2702 Deus
2843 2640 3017 2703 dedit
3061 2658 3209 2703 eum
3256 2639 3665 2702 manifestum
3723 2639 3892 2716 fieri,
3938 2669 4197 2715 Manto,

802 2737 996 2800 ritum
1040 2735 1362 2812 Sanctum,
1401 2745 1469 2798 ut
1509 2736 1782 2819 Spiritus
1826 2737 2090 2801 Sanctus
2136 2759 2296 2821 prae-
2405 2759 2532 2804 non
2571 2741 2745 2803 omni
2787 2739 3042 2821 populo,
3076 2739 3184 2800 sed
3221 2738 3491 2801 testibus
3522 2739 3899 2821 praeordina-

802 2844 924 2898 stet
967 2853 1034 2898 se
1077 2835 1314 2917 ipsum.
2406 2840 2486 2902 tis
2531 2858 2568 2900 a
2610 2839 2756 2901 Deo.
2797 2839 2942 2901 Ideo
2986 2845 3197 2899 autem
3241 2837 3538 2900 videbitis
3580 2856 3705 2911 me,
3738 2841 3899 2918 quia

903 2937 1013 2996 Vos
1042 2944 1257 2996 autem
1287 2937 1669 3012 coquoscetis
1698 2955 1868 3008 eum,
1907 2935 1970 2997 id
2009 2943 2124 3010 est,
2161 2935 2297 3019 Spi-
2404 2957 2513 3016 eqo
2566 2941 2733 3009 vive,
2779 2936 2841 2999 id
2890 2943 3006 3011 est,
3055 2936 3267 2998 statim
3314 2942 3458 3017 post
3509 2936 3894 3018 passionem,

803 3035 962 3096 ritus
1013 3032 1278 3096 Sanctus
1337 3051 1404 3095 se
1461 3033 1674 3116 ipsum
1725 3033 1904 3097 vobis
1963 3034 2291 3110 revelabit,
2334 3037 2482 3100 Gad
2528 3035 2948 3098 immortalem
2998 3033 3191 3098 vitam
3242 3051 3522 3115 resurgo,
3556 3043 3621 3096 et
3668 3035 3902 3097 indesi-

801 3131 1286 3214 agnoscetisque
1323 3149 1494 3206 eum,
1531 3150 1656 3194 non
1698 3133 1904 3196 solum
1945 3151 2059 3214 per
2097 3133 2295 3196 fidem
2409 3142 2632 3197 nenter
2689 3134 2833 3197 vivo
2892 3134 3243 3194 secundum
3301 3132 3723 3207 divinitatem,
3788 3151 3901 3215 per

801 3230 1227 3293 illuminatam
1267 3237 1329 3292 et
1367 3231 1743 3313 sapientiam
1785 3233 2150 3314 specialem,
2186 3235 2295 3296 sed
2407 3253 2599 3314 quam
2642 3251 2901 3315 possum
2940 3232 3244 3294 suscitare
3292 3249 3395 3293 me
3434 3231 3671 3313 ipsum,
3704 3240 3766 3294 et
3802 3250 3901 3293 os-

802 3329 1068 3412 insuper
1112 3347 1226 3411 per
1269 3347 1399 3392 suae
1447 3330 1804 3392 dulcedinis
1851 3339 2132 3411 gustum,
2184 3350 2298 3414 per
2407 3334 2667 3394 tendere
2712 3331 2914 3394 vobis.
2964 3334 3044 3392 Et
3090 3351 3195 3391 vos
3238 3332 3487 3402 vivetis,
3531 3331 3595 3392 id
3646 3339 3763 3406 est,
3804 3330 3902 3392 in-

801 3447 932 3491 suae
995 3427 1320 3510 potestatis
1383 3435 1444 3490 et
1505 3428 1752 3510 pietatis
1811 3430 2292 3511 experientiam.
2409 3431 2595 3494 terim
2637 3449 2764 3493 non
2805 3428 3206 3502 occidemini,
3245 3435 3397 3490 tunc
3434 3447 3695 3510 quoque
3734 3429 3900 3492 revi-

801 3526 1022 3591 Nonne
1051 3525 1279 3588 Paulus
1311 3527 1605 3607 cognovit
1633 3525 1938 3609 Spiritum
1972 3527 2294 3604 Sanctum,
2411 3529 2611 3593 viscet
2647 3528 2910 3610 spiritus
2951 3535 3159 3589 vester
3202 3546 3215 3589 :
3259 3527 3423 3589 sicut
3470 3529 3549 3589 de
3593 3526 3782 3590 Jacob
3830 3528 3897 3589 in

549 3626 883 3689 icor.x·1,de
929 3643 1058 3706 quo
1108 3632 1235 3687 tam
1285 3625 1486 3687 multa
1534 3625 1954 3708 conscripsit?
2004 3627 2126 3689 Alii
2176 3629 2300 3708 (in-
2408 3627 2633 3692 Genesi
2693 3627 2944 3706 legitur,
2997 3626 3165 3706 quod
3222 3625 3485 3687 audiens
3528 3625 3763 3707 Ioseph
3810 3626 3902 3689 vi-
3972 3652 4199 3699 cmm,
4283 3657 4284 3660 ¹

511 3703 623 3745 ⁸⁴⁰·
804 3723 1063 3807 quiens)
1111 3742 1225 3805 per
1273 3722 1580 3806 Spiritum
1638 3725 1823 3788 datur
1878 3744 2086 3788 sermo
2135 3727 2301 3808 sapi-
2412 3745 2579 3801 vere,
2616 3724 2845 3788 revixit
2873 3724 3136 3806 spiritus
3166 3723 3327 3805 ejus,
3361 3723 3493 3798 Vel,
3526 3723 3765 3787 Vivetis
3788 3741 3902 3806 per
3928 3717 4093 3765 ²⁶³³·

806 3823 1016 3898 entiae,
1077 3822 1186 3884 alii
1253 3841 1461 3886 sermo
1530 3823 1860 3905 scientiae3
1921 3824 2029 3886 alii
2100 3826 2301 3905 gratia
2408 3825 2673 3906 gratiam
2718 3823 3077 3905 specialem,
3110 3841 3224 3904 per
3269 3840 3463 3904 quam
3508 3821 3685 3902 digni
3724 3822 3899 3884 eritis

807 3921 1170 3996 sanitatum,
1203 3919 1309 3982 alii
1351 3920 1634 4002 operatio
1673 3921 2004 3996 virtutum,
2039 3930 2159 3985 etc.
2195 3923 2296 3986 Ra·
2414 3943 2514 3985 me
2559 3923 2796 3987 videre.

808 4022 896 4084 tio
946 4021 1139 4102 hujus
1189 4021 1568 4102 cognitionis
1618 4021 2029 4103 subjungitur
2075 4041 2087 4086 :
2141 4027 2300 4104 quia
2504 4026 2581 4083 ln
2634 4024 2745 4084 illo
2792 4023 2918 4092 die,
2966 4019 3263 4082 videlicet
3308 4025 3451 4099 post
3496 4017 3903 4081 resurrectio·
4040 4029 4113 4084 20

806 4123 988 4198 apud
1027 4140 1132 4180 vos
1172 4121 1454 4181 manebit
1491 4127 1793 4201 tanquam
1835 4120 2168 4184 familiaris
2208 4123 2303 4184 di-
2412 4139 2583 4194 nem,
2635 4139 2833 4202 quum
2884 4118 3193 4201 Spiritum
3240 4116 3539 4178 Sanctum
3588 4117 3903 4200 receperi-
3944 4136 4197 4180 lon-,m
4283 4173 4284 4194 ζ

811 4225 1038 4292 rector,
1091 4227 1150 4278 et
1209 4220 1281 4279 in
1339 4219 1511 4278 vobis
1564 4221 1691 4279 erit
1747 4220 1930 4300 quasi
1987 4220 2303 4301 gratiosus
2334 4225 2384 4286 D
2416 4219 2492 4280 tis
2534 4237 2646 4300 per
2686 4216 3189 4280 insufflationem
3230 4232 3458 4289 meam,
3491 4223 3555 4276 et
3592 4233 3903 4296 aperuero
3931 4201 4197 4305 {ut-m„

812 4315 1215 4380 inhabitator.
2414 4317 2591 4381 vobis
2642 4335 2899 4378 sensum
2955 4316 3031 4376 ad
3080 4312 3561 4394 intelligendum
3619 4312 3907 4396 Scriptu-
3932 4329 4002 4368 ⁴⁵-

609 4416 678 4472 18
911 4417 1060 4480 Non
1112 4416 1481 4496 relinquam
1529 4435 1636 4476 vos
1687 4419 2031 4495 ονΡῘιαηοε,
2087 4417 2148 4480 id
2209 4427 2305 4482 est
2414 4435 2535 4489 raS,
2589 4436 2695 4477 vos
2750 4415 3129 4493 coynoscecis
3188 4431 3301 4494 per
3357 4411 3551 4474 fidem
3602 4414 3785 4492 quia,
3839 4413 3905 4475 id

814 4521 992 4596 patre
1031 4513 1309 4595 privatos
1346 4532 1359 4577 z
1395 4513 1514 4577 hoc
1554 4521 1670 4589 est,
1712 4515 2008 4596 quamvis
2050 4517 2127 4578 ad
2171 4537 2305 4580 mo-
2413 4523 2508 4576 est
2544 4515 2738 4596 quod,
2770 4532 2879 4591 eqo
2918 4511 3271 4574 secundum
3321 4509 3716 4573 divinitatem
3758 4531 3907 4572 sum

813 4611 1028 4674 dicum
1071 4620 1323 4695 tempus
1369 4614 1659 4676 recedam
1703 4632 1740 4674 a
1782 4613 1983 4689 vobiS,
2031 4633 2146 4696 ego
2190 4615 2303 4698 qui
2414 4615 2483 4674 in
2548 4616 2745 4675 Patre
2802 4630 2955 4682 meo,
3014 4628 3129 4692 per
3186 4608 3907 4673 consubstantialitatem

520 4727 780 4777 anamma,
815 4730 955 4774 sum
999 4729 1126 4775 non
1167 4711 1373 4774 solum
1413 4710 1717 4774 Dominus
1761 4721 1822 4774 et
1866 4713 2167 4793 magister
2203 4733 2307 4778 ve-
2415 4719 2478 4773 et
2520 4708 3190 4772 circumincessionem
3234 4708 3333 4788 (ut
3380 4707 3613 4788 saepius
3661 4707 3905 4770 dictum

521 4791 587 4833 ¹⁴·
815 4816 966 4890 ster,
1001 4810 1111 4872 sed
1150 4810 1340 4872 etiam
1386 4817 1584 4892 pater,
1618 4810 1769 4891 quia
1812 4819 2136 4892 paternam
2185 4814 2307 4877 sol-
2415 4809 2556 4888 est),
2602 4819 2661 4870 ec
2704 4829 2809 4869 vos
2851 4810 2920 4869 in
2976 4827 3090 4880 me,
3139 4807 3303 4868 sicut
3353 4805 3637 4867 membra
3685 4805 3749 4866 in
3804 4825 3908 4867 ca·—

816 4907 1215 4971 licitudinem
1275 4926 1425 4989 gero
1486 4910 1564 4971 de
1625 4909 1830 4990 vobis,
1896 4917 2159 4991 paterno
2216 4911 2307 4974 af·
2416 4908 2569 4990 pite,
2622 4907 2788 4970 sicut
2845 4913 3209 4969 contentum
3270 4905 3335 4966 in
3395 4903 3780 4979 continente,
3834 4912 3907 4966 ut
4283 4981 4284 4992 ἵ

815 5004 987 5068 fectu
1059 5026 1168 5071 vos
1244 5006 1467 5087 diligo,
1547 5015 1810 5089 paterna
1885 5027 1994 5072 vos
2073 5008 2307 5091 pietate
2417 5007 2659 5089 palmes
2711 5007 2775 5068 in
2827 5005 2975 5078 vite,
3028 5011 3097 5064 ut
3143 5020 3360 5064 amans
3411 5002 3475 5063 in
3525 5002 3779 5078 dilecto,
3833 5010 3905 5064 ut
3952 5034 4197 5082 yma
4283 5065 4284 5070 ,

816 5104 1103 5168 custodio
1131 5103 1281 5183 (nisi
1312 5105 1482 5166 enim
1515 5105 1799 5168 Christus
1829 5114 1994 5168 esset
2026 5115 2203 5188 pater
2232 5107 2309 5170 fi·
2414 5104 2683 5168 effectus
2728 5104 2793 5166 in
2840 5103 3185 5185 exemplari
3226 5107 3416 5183 atque
3462 5100 3685 5164 fontali
3731 5101 3907 5183 prin-
3934 5101 3975 5140 ⁵·

818 5202 1079 5278 delium,
1115 5210 1176 5264 et
1206 5221 1468 5266 suorum
1501 5204 1963 5286 discipulorum
2007 5213 2185 5287 pater
2218 5205 2309 5268 fu·
2415 5204 2606 5287 cipio.
2641 5203 2836 5266 Electi
2869 5210 3079 5265 autem
3122 5208 3270 5264 sunt
3307 5199 3373 5262 in
3407 5199 3654 5264 Christo
3684 5217 3909 5262 secun·

523 5261 786 5369 ganam,
817 5300 992 5376 isset,
1032 5319 1159 5365 non
1199 5301 1434 5364 diceret
1471 5303 1640 5384 apud
1680 5301 2038 5365 Matthaeum
2074 5322 2087 5366 :
2119 5303 2309 5366 Num·
2414 5305 2568 5367 dum
2600 5310 2938 5385 utramque
2972 5301 3112 5382 ejus
3146 5309 3431 5363 naturam
3464 5317 3477 5361 ε
3518 5299 3675 5361 etin
3705 5317 3907 5379 quan-
