4300 6259
1380 506 1731 553 anxani-10
1773 505 1836 553 m
1877 506 2015 552 car.
2062 506 2211 552 xx1v
2252 505 2438 553 Luem.
2486 526 2565 537 --
2607 507 2749 553 aar.
2795 508 2830 553 1.
3523 490 3646 555 259

502 678 690 752 pati
720 695 835 759 pro
874 676 1099 739 mundi
1139 675 1366 751 salute,
1405 676 1557 759 quia
1597 676 1703 739 ille
1742 675 1867 738 fuit
1900 694 2049 739 con·
2074 674 2127 737 A
2155 676 2323 738 niele
2378 676 2610 757 legitur
2661 696 2676 741 :
2727 676 2956 741 Omnes
3017 678 3262 762 populi,
3320 678 3527 742 tribus
3584 684 3648 741 et
3675 697 3938 744 omnam.

514 774 906 837 venientior
952 776 1179 839 modus
1220 775 1516 837 humanae
1564 774 2041 857 redemptioniS,

2156 775 2389 855 linguae
2425 776 2704 839 servient
2741 777 2821 839 ei.
2854 777 3028 851 Quod
3069 784 3270 840 totum
3310 777 3646 860 impletum

514 880 605 933 et
658 872 825 935 Deus
877 873 965 935 ita
1014 873 1483 955 praeordinavit‚
1536 884 1595 935 ec
1641 894 1968 952 resumere
2006 894 2046 933 a
2155 882 2251 936 est
2302 894 2316 937 :
2367 876 2520 957 quia
2565 876 2682 937 etsi
2740 894 2913 938 nunc
2959 894 3187 958 magna
3233 886 3297 940 et
3345 876 3652 939 latissima

520 974 823 1033 mortuis
854 974 1047 1033 tertia
1075 975 1211 1041 die,
1230 972 1383 1055 quia
1413 992 1539 1036 non
1572 972 1785 1035 decuit
1815 971 2045 1036 Christi

516 1071 1080 1135 resurrectionem
1121 1071 1287 1133 ultra
1326 1071 1584 1133 tertium
1626 1072 1794 1133 diem
1830 1069 2051 1133 differ-

204 1172 309 1225 47
518 1168 621 1241 ri,
658 1179 721 1228 et
754 1172 1117 1245 proedicari
1153 1172 1227 1231 in
1260 1172 1525 1231 nomine
1562 1172 1703 1248 ejus
1734 1172 2051 1247 poeniten-

522 1268 715 1328 ciam
742 1278 802 1328 ec
830 1270 1273 1330 remissionem
1299 1279 1710 1345 peccatorum
1731 1270 1805 1329 in
1835 1286 2051 1328 omnes

502 1376 783 1442 yentes,
824 1366 945 1429 hoc
983 1374 1099 1441 est,
1144 1366 1463 1429 universis
1509 1366 1731 1429 mundi
1780 1364 2050 1429 homini-

516 1463 695 1537 bus,
726 1463 956 1526 Judaeis
994 1472 1187 1547 atque
1222 1466 1593 1546 gentilibu8‚
1631 1463 2046 1545 evangelizari

519 1570 615 1624 ut
656 1563 725 1624 in
776 1562 907 1625 fide
946 1563 1179 1626 Christi
1231 1565 1673 1646 poenitentiam
1710 1570 1918 1645 agant,
1960 1570 2053 1623 at-

518 1679 677 1741 que
714 1678 825 1743 per
854 1661 1122 1742 gratiam
1153 1662 1293 1743 ejus
1323 1661 1649 1726 confidant
1678 1680 1744 1724 se
1776 1661 2055 1723 remissi-

518 1778 741 1823 onem
772 1770 1173 1842 peccatorum
1202 1781 1461 1825 suorum
1496 1780 1680 1844 posse
1710 1761 2049 1842 suscipere,

2161 989 2350 1051 regna
2405 974 2483 1034 ad
2542 974 3017 1036 stolidissimam
3077 975 3475 1056 spurcissimi
3532 974 3656 1036 Ma-

2159 1069 2398 1132 hometi
2438 1069 2640 1151 legem
2683 1071 2966 1154 aliasque
3004 1072 3307 1154 perfidias
3354 1073 3481 1134 sint
3531 1072 3658 1135 col-

2160 1167 2357 1249 lapsa,
2403 1169 2588 1249 longo
2624 1176 2834 1231 tamen
2889 1178 3172 1252 tempore
3214 1171 3279 1233 in
3324 1171 3416 1233 eis
3457 1170 3658 1251 viguit

2162 1266 2385 1347 religio
2437 1267 2804 1329 christiana.
2856 1267 3068 1332 Nihilo
3121 1270 3335 1332 minus
3388 1276 3533 1331 ante
3579 1267 3659 1330 fi-

2162 1383 2309 1426 nem
2340 1366 2554 1427 saeculi
2589 1366 2884 1447 praedicta
2915 1366 3167 1448 plenius
3199 1368 3653 1449 implebuntur.

2229 1462 2419 1526 Porro
2451 1464 2812 1545 praedicatio
2842 1464 2961 1526 ista
2982 1464 3145 1528 facta
3175 1475 3272 1529 est
3298 1467 3378 1529 ab
3403 1466 3659 1548 Aposto-

2164 1561 2242 1624 lis
2292 1561 2545 1635 Christi,
2593 1564 3058 1640 incipientibus
3095 1582 3233 1628 eam
3272 1587 3311 1625 a
3350 1568 3658 1643 Jerosoly-

2166 1680 2269 1721 ma
2295 1681 2318 1720 .·
2347 1660 2501 1742 quia
2532 1669 2675 1742 post
2705 1662 2936 1723 Christi
2964 1665 3399 1728 ascensionem
3432 1672 3495 1726 et
3523 1662 3656 1746 Spi-

2165 1758 2324 1819 ritus
2355 1758 2562 1821 Sancti
2595 1760 2989 1836 missionem,
3009 1772 3342 1844 coeperunt
3372 1762 3652 1845 Apostoli

524 1859 793 1921 virtute
853 1868 917 1921 et
977 1860 1206 1925 merito
1275 1860 1588 1942 passionis
1652 1860 1876 1942 ipsiuS,
1939 1878 2053 1942 per
2092 1858 2137 1920 B
2165 1856 2230 1918 in
2261 1856 2609 1919 Jerusalem
2651 1859 3015 1939 praedicare,
3053 1869 3241 1941 prout
3282 1879 3396 1943 per
3432 1861 3653 1924 lsaiam

522 1966 946 2021 sacramenta
995 1959 1159 2040 ejuS,
1202 1960 1410 2041 primo
1454 1959 1518 2021 in
1562 1959 1902 2041 Baptismo,
1948 1961 2055 2022 de-

524 2058 706 2119 inde
753 2057 819 2119 in
868 2067 1259 2121 sacramento
1304 2058 1717 2133 Poenitentiae,
1770 2077 1913 2140 quae
1960 2065 2055 2121 est

527 2157 835 2218 secunda
874 2165 1017 2239 post
1059 2156 1463 2238 naufragium
1510 2157 1747 2219 tabula.
1780 2157 1940 2220 Hinc
1988 2157 2052 2219 in

86 2275 483 2325 Aetam-,sm
531 2255 821 2317 Actibus
860 2254 1087 2317 Paulus
1118 2256 1207 2317 ait
1238 2255 1469 2318 Judaeis
1504 2275 1517 2319 ε
1552 2255 1669 2317 Per
1694 2255 1907 2319 Jesum
1950 2275 2056 2319 vo-

528 2354 655 2416 bis
711 2354 999 2417 remissio
1049 2362 1453 2435 peccatorum
1498 2355 1933 2429 annuntiatur,
1976 2355 2055 2417 ab

528 2450 857 2515 omnibus
905 2471 943 2513 a
989 2452 1228 2533 quibus
1284 2471 1411 2515 non
1463 2453 1757 2535 potuistis
1806 2453 1870 2514 in
1922 2452 2058 2533 lege

526 2549 783 2632 Moysis
820 2548 1184 2631 justificari.
1217 2549 1294 2613 Et
1342 2570 1561 2613 rursus
1598 2551 1867 2634 loquens
1907 2570 2062 2633 gen-

122 2672 485 2717 loiadon,
526 2648 783 2711 tilibus
840 2667 854 2710 z
908 2645 1220 2730 Tempora
1272 2648 1541 2731 (inquit)
1597 2650 1828 2731 prioris
1887 2651 2061 2731 igno-

88 2742 183 2789 ³⁰·
218 2740 321 2779 ³¹·
535 2746 785 2811 rantiae
840 2746 1201 2829 despiciens
1259 2746 1445 2821 DeuS,
1500 2767 1671 2810 nunc
1727 2750 2062 2811 annuntiat

532 2845 930 2909 hominibus
970 2854 1042 2907 ut
1071 2864 1291 2910 omnes
1336 2845 1578 2928 ubique
1620 2848 2061 2929 poenitentiam

530 2952 769 3025 agant,
820 2962 895 3008 eo
941 2946 1113 3026 quod
1163 2944 1383 3006 statuit
1440 2944 1608 3006 diem
1662 2946 1725 3007 in
1788 2965 1918 3028 quo
1964 2946 2065 3027 ju-

2164 1955 2289 2018 fuit
2336 1956 2706 2037 praedictum
2765 1975 2778 2019 :
2831 1956 2916 2019 De
2971 1956 3119 2023 Sion
3173 1959 3373 2021 exibit
3419 1959 3541 2034 lex,
3594 1968 3657 2022 et
3719 1978 3920 2029 1·.1·.a.

2168 2054 2434 2117 verbum
2485 2054 2731 2117 Domini
2787 2057 2864 2118 de
2908 2050 3296 2135 Jerusalem3
3347 2066 3541 2141 atque
3590 2059 3656 2121 in

2165 2152 2432 2227 Psalmo,
2467 2152 2716 2234 Virgam
2769 2154 3022 2217 virtutis
3072 2162 3197 2218 tuae
3249 2156 3495 2218 emittet
3545 2156 3659 2221 Do—
3705 2174 3786 2218 Ρ..
3805 2188 3889 2226 011,
3909 2176 3951 2217 2.

2167 2252 2382 2313 minus
2438 2270 2516 2313 ex
2573 2250 2745 2314 Sion.
2798 2252 3145 2315 Jerusalem
3205 2273 3482 2336 namque
3536 2254 3661 2317 fuit

2169 2349 2538 2431 metropolis
2564 2349 2937 2426 Judaeorum‚
2962 2352 3199 2433 quibus
3230 2353 3513 2416 Christus
3545 2353 3664 2417 suit
3703 2371 3953 2421 Manmv.

2170 2447 2529 2530 specialiter
2579 2449 2834 2523 missuS,
2869 2450 2946 2511 de
2993 2470 3265 2531 quorum
3315 2460 3379 2514 et
3420 2453 3662 2515 semine
3692 2436 3941 2549 'Em-m·

2171 2546 2296 2608 suit
2343 2556 2562 2627 natus3
2596 2546 2948 2629 multisque
2990 2548 3172 2611 donis
3218 2547 3340 2612 fuit
3387 2551 3662 2633 populus

2173 2645 2282 2708 ille
2319 2664 2356 2707 a
2391 2644 2516 2708 Deo
2564 2652 2843 2707 ornatus.
2877 2645 3021 2709 Ideo
3065 2648 3278 2710 decuit
3319 2649 3410 2710 eis
3459 2650 3666 2731 primo

2174 2744 2611 2825 evangelizari,
2663 2752 2851 2825 prout
2897 2743 3182 2826 loquitur
3229 2746 3322 2807 eis
3372 2746 3600 2809 Paulus
3648 2766 3662 2810 ε

2173 2843 2364 2907 Vobis
2427 2842 2757 2924 oportebat
2819 2844 3098 2924 primum
3164 2844 3340 2926 loqui
3399 2846 3666 2908 verbum
3699 2866 3961 2917 mamm.

2174 2940 2305 3002 Dei.
2354 2940 2701 3003 Jerusalem
2757 2959 3016 3023 quoque
3069 2940 3193 3003 fuit
3247 2943 3470 3006 civitas
3529 2964 3670 3007 san-

533 3043 885 3106 dicaturus
936 3051 1033 3104 est
1070 3043 1291 3105 orbem
1332 3042 1399 3104 in
1451 3043 1771 3124 aequitate,
1816 3043 1879 3105 in
1928 3044 2065 3107 viro
2102 3040 2145 3103 C
2176 3046 2294 3114 cta,
2349 3039 2414 3101 in
2463 3058 2591 3121 qua
2639 3038 2762 3101 suit
2809 3040 3118 3122 templum
3176 3040 3306 3115 Dei,
3357 3049 3420 3103 et
3470 3042 3673 3123 viguit

534 3160 755 3225 quem
790 3142 1029 3216 statuit,
1066 3140 1264 3204 sidem
1295 3141 1585 3223 praebens
1616 3143 1937 3217 omnibuS,
1972 3162 2067 3205 re-

534 3240 877 3303 suscitans
908 3239 1091 3302 illum
1122 3259 1159 3301 a
1188 3239 1470 3303 mortuis,
1496 3238 1573 3302 Et
1603 3240 1834 3303 iterum
1866 3241 2066 3324 loqui-

96 3366 277 3412 [οἱα.
296 3360 493 3413 mse.
536 3346 669 3400 tur
698 3336 953 3399 Petrus:
984 3335 1265 3398 Primum
1297 3336 1459 3399 Deus
1490 3338 1803 3401 suscitans
1834 3338 2065 3403 Filium

538 3454 779 3509 suum,
813 3434 987 3496 misit
1042 3452 1191 3497 eum
1244 3442 1317 3497 ut
1360 3444 1687 3499 convertat
1744 3456 1811 3499 se
1874 3457 2068 3501 unus-

106 3562 491 3615 meadum.
536 3534 843 3618 quisque
872 3552 909 3595 a
950 3534 1235 3615 nequitia
1275 3553 1425 3616 sua3
1462 3536 1765 3618 itemque,
1798 3536 1933 3601 Non
1974 3548 2069 3602 est

536 3650 801 3699 nomen
833 3632 1011 3695 aliud
1049 3633 1169 3694 sub
1209 3632 1371 3698 coelo
1415 3636 1630 3697 datum
1672 3636 2064 3714 hominibuS,

538 3736 623 3797 in
672 3750 806 3813 quo
846 3738 1133 3813 oporteat
1175 3750 1289 3795 nos
1334 3732 1541 3796 salvos
1586 3732 1753 3795 fieri.

639 3830 733 3891 De
761 3830 880 3891 hac
907 3828 1195 3892 omnium
1224 3830 1515 3910 gentium
1546 3834 1960 3897 conversione
1991 3835 2067 3896 ad

540 3928 911 3999 Christum,
946 3936 1009 3989 et
1038 3925 1386 3991 diffusione
1416 3928 1713 3993 Ecclesiae
1746 3931 2071 3995 catholicae

542 4045 683 4112 per
732 4033 935 4089 totum
983 4027 1205 4090 orbem
1253 4035 1581 4103 terrarum,
1634 4030 2069 4112 copiosissime

543 4135 625 4190 et
652 4124 1061 4207 apertissime
1094 4126 1523 4206 praedixerunt
1553 4126 1889 4209 Prophetae.
1916 4128 2072 4192 Scri-

2176 3137 2385 3199 cultus
2415 3137 2577 3218 ejus,
2612 3135 2960 3219 floruitque
2989 3157 3156 3221 saepe
3194 3140 3475 3202 studium
3516 3141 3671 3222 legis

2177 3254 2249 3298 ac
2295 3236 2772 3318 Prophetarum,
2809 3255 3000 3319 quam
3051 3245 3113 3300 et
3151 3237 3436 3301 Christus
3480 3240 3674 3322 passi-

2178 3336 2283 3400 oni
2325 3354 2456 3399 suae
2494 3335 2833 3417 praeelegit.
2867 3337 3106 3401 Idcirco
3156 3339 3369 3401 decuit
3407 3357 3674 3422 evange-

2180 3436 2367 3498 licam
2419 3434 2927 3517 praedicationem
2980 3446 3122 3518 post
3158 3438 3388 3501 Christi
3434 3440 3674 3521 passio-

2181 3553 2327 3597 nem
2359 3533 2642 3596 inchoari
2673 3533 2928 3609 ibidem,
2951 3541 3019 3596 ut
3047 3544 3110 3599 et
3134 3536 3328 3599 Judaei
3363 3537 3673 3601 increduli

2182 3631 2644 3695 inexcusabiles
2675 3633 3094 3695 redderentur.
3117 3635 3183 3697 In
3215 3654 3343 3717 quo
3373 3636 3556 3699 etiam
3590 3637 3676 3699 di-

2182 3731 2346 3794 vinae
2376 3730 2627 3813 pietatis
2668 3730 3022 3793 declaratur
3052 3733 3466 3809 immensitas,
3500 3737 3674 3818 quod

2183 3829 2310 3892 illis
2352 3828 2552 3892 voluit
2597 3830 2803 3910 primo
2843 3830 3010 3892 viam
3056 3832 3383 3913 praedicari
3426 3834 3669 3910 salutiS,

2183 3928 2295 4011 qui
2343 3933 2610 3989 mortem
2660 3938 3160 4009 procuraverunt
3207 3928 3568 4011 SalvatoriS,
3613 3940 3675 3994 et

2183 4026 2292 4087 Dei
2335 4024 2566 4087 Filium
2609 4024 2999 4088 occiderunt.

2280 4126 2394 4187 Vos
2429 4133 2645 4185 autem
2687 4133 2863 4185 testes
2904 4126 3053 4187 escis
3090 4128 3346 4200 horum,
3380 4128 3676 4219 videlicet
3808 4134 3881 4190 ⁴8

118 4252 501 4306 pamas.
546 4232 756 4309 ptum
813 4232 910 4285 est
966 4241 1246 4304 namque
1299 4223 1365 4285 in
1416 4223 1676 4287 Psalmis
1729 4244 1743 4288 :
1795 4226 2073 4289 Remini·
2106 4224 2154 4285 D
2187 4221 2666 4285 resurrectionis
2714 4240 2870 4286 meae
2918 4231 2981 4285 et
3026 4223 3296 4289 aliorum
3342 4228 3676 4309 'mysterio-

548 4328 833 4387 scentur
860 4329 925 4383 et
960 4329 1413 4383 convertentur
1441 4323 1519 4384 ad
1560 4321 1901 4386 Dominum
1944 4326 2076 4387 uni-

548 4409 743 4483 versi
774 4416 939 4479 fines
967 4425 1247 4493 terrae‚et
1264 4417 1614 4481 adorabunt
1642 4420 1705 4482 in
1739 4430 2076 4504 conspectu

550 4517 719 4599 ejus
760 4514 1071 4577 universae
1111 4513 1370 4579 familiae
1405 4518 1735 4599 gentium3
1771 4521 2073 4602 itemque,

124 4644 511 4703 maantam.
552 4614 1037 4681 Benedicentur
1077 4614 1143 4675 in
1186 4614 1327 4696 ipso
1366 4615 1573 4678 tribus
1614 4625 1815 4693 terrae,
1857 4638 2109 4689 omnes

552 4719 799 4798 gentes
856 4711 1363 4792 magnificabunt
1411 4731 1583 4777 eum.
1629 4716 1806 4779 Unde
1852 4725 1914 4779 et
1967 4736 2081 4800 per

126 4842 517 4901 1‚-nax.⁵‚⁶·
561 4812 803 4877 lsaiam
835 4811 1119 4892 loquitur
1150 4811 1437 4874 Christus
1465 4832 1479 4876 :
1504 4812 1905 4877 Glorisicatus
1938 4836 2079 4879 sum

562 4914 643 4975 in
706 4908 909 4972 oculis
970 4907 1241 4971 Domini.
1293 4908 1369 4972 Et
1426 4910 1587 4972 dixit
1637 4930 1651 4974 :
1706 4910 1930 4975 Parum
1988 4921 2084 4975 est

562 5016 647 5071 ut
701 5006 791 5068 sis
840 5004 999 5068 mihi
1048 5024 1273 5070 servus
1320 5009 1398 5070 ad
1438 5008 1831 5070 suscitandas
1879 5009 2083 5072 tribus

557 5104 793 5181 Jacob,
825 5112 889 5167 et
930 5104 1117 5167 faeces
1165 5105 1351 5168 lsrael
1400 5108 1897 5187 convertendas3
1941 5108 2083 5171 dedi

560 5215 639 5269 te
690 5203 761 5267 in
819 5203 1029 5266 lucem
1088 5204 1401 5285 gentium,
1454 5212 1525 5266 ut
1573 5204 1659 5267 sis
1718 5206 1889 5267 salus
1946 5225 2088 5269 mea

564 5321 792 5389 usque
836 5304 919 5366 ad
963 5311 1323 5366 extremum
1358 5310 1565 5366 terrae.
1600 5302 1719 5366 Sed
1758 5311 1822 5367 et
1861 5304 1927 5367 in
1976 5304 2091 5367 Da-

2187 4341 2331 4383 rum
2369 4338 2680 4394 meorum,
2713 4321 2824 4403 qui
2866 4330 2929 4384 et
2965 4330 3110 4385 ante
3148 4324 3506 4405 passionem
3547 4344 3677 4387 me-

2186 4439 2287 4482 am
2346 4436 2596 4480 mecum
2654 4419 2804 4480 estis
2859 4422 3234 4497 conversati,
3287 4430 3347 4485 et
3405 4425 3482 4486 de
3538 4442 3679 4487 mea

2189 4517 2651 4580 resurrectione
2693 4517 2844 4579 estis
2886 4518 3328 4601 multipliciter
3370 4520 3681 4584 certifica-

2189 4617 2258 4678 ti.
2293 4618 2378 4677 Ec
2415 4636 2527 4693 eye
2567 4619 2824 4677 mittam
2855 4620 3249 4695 promissum
3280 4620 3506 4681 Patris
3553 4623 3682 4681 mei
3813 4625 3886 4681 ⁴9

2189 4716 2262 4777 in
2297 4733 2425 4782 vos,
2458 4713 2522 4775 id
2568 4721 2684 4789 est,
2717 4712 3025 4796 Spiritum
3073 4714 3371 4779 Sanctum
3420 4736 3457 4779 a
3503 4717 3682 4781 Patre

2191 4813 2660 4895 procedentem,
2694 4830 2885 4894 quem
2935 4822 2998 4875 et
3043 4813 3222 4877 Pater
3259 4833 3374 4897 per
3412 4815 3686 4899 Prophe-

2191 4918 2285 4973 tas
2315 4919 2378 4972 et
2407 4928 2511 4972 me
2541 4911 2834 4992 promisit
2871 4930 2938 4973 se
2970 4912 3148 4975 vobis
3189 4914 3508 4991 daturum,
3541 4916 3688 4978 mit-

2194 5018 2322 5071 tam
2367 5016 2429 5070 et
2476 5008 2806 5070 infundam
2858 5009 3154 5072 cordibus
3205 5012 3430 5075 vestris
3466 5031 3480 5076 ε
3521 5013 3688 5076 sicut

2195 5108 2261 5170 in
2295 5107 2397 5169 die
2425 5107 2818 5169 Pentecostes
2853 5106 3092 5169 scimus
3127 5117 3477 5189 peractum.
3513 5112 3686 5175 Istud
3718 5130 3975 5185 unuani-⁴.

2196 5206 2368 5269 enim
2421 5205 2704 5269 Christus
2761 5205 2827 5268 in
2886 5223 3178 5269 sermone
3237 5216 3379 5290 post
3430 5208 3684 5273 Coenam

2197 5305 2565 5387 frequenter
2603 5304 2914 5387 promisit,
2945 5304 3127 5386 juxta
3173 5306 3333 5369 illud
3377 5306 3633 5372 Joannis
3667 5327 3683 5373 ε
