4300 6259
47 1908 152 1952 Luc.
161 1912 326 1959 τιιΑῚ.

91 3001 205 3033 vers.
227 2992 274 3034 2¹
287 3021 300 3034 .

1109 535 1463 582 mumulo
1509 536 1570 583 IN
1613 534 1750 582 GAP.
1797 534 1862 581 xl
1903 534 2181 582 mamus.
2227 555 2308 566 —
2348 538 2491 584 ΛΒΤ.
2537 539 2732 587 XXVIII

3348 523 3469 587 485

343 712 500 767 tum
557 705 866 788 possibile
912 707 1059 784 fuit,
1110 708 1627 789 conjungeretur.
1678 706 1864 771 Dolor
1893 704 1946 767 A
1975 708 2428 789 posteritatem,
2464 719 2525 772 et
2566 729 2768 792 genus
2808 712 3159 775 humanum
3202 720 3292 777 tot
3334 731 3469 795 poe-

344 823 643 886 namque
693 806 980 883 interior,
1025 825 1140 889 per
1187 808 1591 870 lacrimarum
1645 804 1866 867 effusi-

345 921 550 967 onem
589 912 654 965 et
691 912 1017 968 externam
1060 906 1576 969 lamentationem
1618 906 1866 985 mitiga-

343 1008 466 1064 tur
511 1022 586 1065 ac
635 1002 1011 1079 minoratur,
1056 1006 1360 1087 quoniam
1416 1004 1686 1067 intentio
1733 1004 1866 1066 ani-

348 1120 484 1163 mae
531 1102 610 1163 ad
662 1102 850 1183 plura
899 1102 1308 1178 diffunditur,
1353 1111 1416 1165 et
1462 1104 1634 1184 quod
1682 1101 1864 1184 quasi

353 1198 680 1263 violenter
723 1199 1045 1263 inclusum
1089 1201 1234 1275 fuit,
1282 1200 1584 1284 erumpit.

441 1299 670 1359 Maria
708 1319 856 1377 erqo
896 1320 1100 1379 quum
1139 1302 1410 1361 venisset
1451 1302 1566 1360 ubi
1600 1309 1739 1360 erat
1766 1302 1866 1361 Je-

351 1416 499 1464 sus,
529 1398 758 1457 videns
783 1417 928 1458 eum
965 1398 1168 1460 oculis
1210 1397 1420 1460 carnis
1457 1416 1531 1460 ac
1571 1396 1748 1472 fidei,
1781 1418 1868 1457 ce-

354 1494 530 1555 cidit
573 1497 663 1555 ad
703 1498 898 1572 pedes
951 1497 1113 1574 eju-3.
1166 1495 1295 1559 Hoc
1345 1495 1582 1557 Martha
1638 1495 1866 1558 fecisse

355 1610 492 1654 non
543 1592 824 1673 legitur:
860 1595 1028 1656 unde
1079 1593 1383 1676 probatur
1429 1592 1619 1655 Maria
1666 1593 1866 1655 fuisse

355 1688 738 1767 ferventior,
771 1698 834 1754 et
873 1691 1180 1773 maj0rem
1217 1694 1295 1755 ad
1329 1691 1649 1756 Christum
1692 1710 1866 1755 reve-

357 1789 635 1851 rentiam
685 1789 1006 1864 habuisse,
1042 1791 1146 1853 cui
1196 1790 1419 1871 utique
1463 1790 1624 1853 nihil
1665 1791 1732 1853 in
1774 1798 1866 1855 to-

1975 805 2072 868 nis
2131 808 2536 890 miseriisque
2592 811 2853 885 addixit,
2907 811 2994 873 ita
3049 820 3120 873 ut
3166 811 3467 874 Lazarum

1972 924 2233 988 quoque
2262 927 2449 970 suum
2489 909 2765 972 amicum
2806 928 2975 973 mors
3006 910 3167 992 ipsa,
3200 929 3343 992 quae
3372 918 3469 974 est

1975 1023 2165 1085 poena
2214 1007 2478 1087 peccati,
2532 1008 2893 1090 prostravit.
2939 1012 3022 1069 Ec
3073 1012 3360 1069 turbavit
3404 1030 3469 1069 se
3495 1022 3760 1073 Romanas.

1973 1104 2214 1180 ipsum,
2265 1103 2329 1165 id
2383 1111 2497 1179 est,
2552 1106 2961 1168 vehementer
3006 1106 3349 1169 commovit
3406 1114 3469 1170 et

1973 1201 2246 1281 quodam
2277 1202 2491 1264 dolore
2520 1200 2739 1265 affecit
2768 1223 2946 1266 suam
2975 1204 3462 1278 sensualitatem,

1973 1318 2051 1362 ex
2083 1299 2563 1381 praedeliberato
2592 1302 2851 1366 rationis
2879 1302 3122 1385 judicio
3148 1311 3340 1384 atque
3370 1322 3471 1367 vo·

1974 1398 2236 1460 luntatis
2277 1398 2568 1481 imperio.
2604 1401 2710 1463 Hae
2739 1400 2910 1462 enim
2950 1407 3013 1461 et
3047 1400 3288 1462 similes
3330 1420 3471 1482 pas-

1975 1496 2185 1559 siones
2242 1496 2505 1560 fuerunt
2562 1498 2627 1560 in
2680 1499 2967 1562 inferiori
3016 1506 3193 1582 parte
3240 1500 3471 1562 animae

1976 1595 2228 1669 Christi,
2290 1614 2415 1659 non
2476 1615 2551 1658 ex
2611 1597 3043 1680 subreptione,
3098 1597 3470 1659 necessitate

1975 1694 2076 1755 vel
2125 1692 2519 1768 infirmitate,
2554 1713 2672 1758 nec
2714 1695 2991 1777 aliquam
3044 1695 3470 1778 imperfectio-

1975 1810 2120 1853 nem
2162 1792 2503 1855 causabant
2542 1794 2606 1855 in
2648 1794 2914 1868 Christo,
2946 1802 3157 1856 actum
3208 1794 3467 1858 rationis

357 1895 425 1951 to
477 1888 778 1952 universo
820 1889 1068 1971 putavit
1113 1888 1565 1971 comparabile.
1599 1888 1864 1951 Multum
1901 1889 2335 1972 Baliqualiter
2381 1890 2824 1974 impediendo;
2870 1892 2979 1954 sed
3028 1900 3207 1954 erant
3252 1892 3341 1954 ibi
3391 1911 3469 1955 ex

357 1986 609 2062 dilexit,
643 1986 797 2069 quia
836 1988 1038 2050 multa
1073 1987 1132 2050 ei
1174 1994 1431 2069 peccata
1470 1986 1732 2049 fuerunt
1772 1988 1863 2050 di-
1977 1989 2215 2071 praevio
2264 1989 2524 2052 rationis
2570 1990 2812 2072 judicio
2859 1997 2924 2052 et
2970 1990 3312 2054 voluntatis
3365 1992 3471 2053 de-

357 2085 602 2165 missa3
654 2104 1002 2169 veramque
1046 2106 1085 2148 a
1133 2105 1248 2150 suo
1297 2086 1596 2168 magistro
1645 2086 1866 2149 didicit
1975 2096 2147 2151 creto
2186 2096 2554 2170 spontaneo,
2595 2095 2855 2172 propter
2886 2088 3291 2152 rationabiles
3326 2109 3471 2153 cau-

357 2184 814 2260 humilitatem,
866 2203 985 2247 nec
1032 2187 1455 2249 verecundata
1511 2192 1608 2249 est
1654 2203 1721 2247 se
1768 2184 1863 2247 illi
1975 2205 2096 2263 sas.
2131 2185 2394 2268 Propter
2428 2188 2599 2268 quod
2650 2194 2829 2250 erant
2872 2194 3049 2250 actus
3090 2187 3356 2252 virtuosi
3395 2207 3471 2251 ac

358 2292 766 2365 prosternere
825 2284 893 2346 in
952 2292 1297 2366 conspectu
1357 2284 1861 2348 adversariorum
1975 2284 2307 2359 meritorii,
2349 2285 2503 2367 quia
2549 2304 2628 2348 ex
2676 2285 2953 2361 caritate,
3002 2286 3233 2369 pietate
3279 2294 3470 2369 atque

355 2382 558 2444 illius.
601 2380 868 2455 Quidam
919 2400 1070 2446 vero
1118 2390 1288 2457 sunt,
1332 2401 1606 2464 quorum
1658 2383 1866 2445 humi-

355 2481 503 2544 litas
555 2481 804 2544 modica
846 2488 943 2543 est
983 2481 1083 2545 vel
1135 2481 1331 2555 nulla,
1365 2481 1670 2563 quoniam
1716 2482 1866 2544 licet

357 2579 808 2661 aequanimiter
834 2580 1107 2642 tolerent
1135 2581 1307 2660 quod
1338 2579 1748 2662 increpentur
1777 2599 1865 2643 se-

359 2685 555 2753 crete,
589 2685 802 2740 tamen
843 2677 897 2739 si
938 2696 1150 2740 coram
1184 2678 1404 2739 multis
1444 2677 1865 2740 humilientur

359 2777 460 2841 vel
523 2784 892 2858 arguantur,
946 2776 1344 2859 impatientia
1399 2778 1736 2858 agitantur.
1779 2782 1864 2840 Et

357 2877 540 2937 dimit
568 2878 632 2936 ei
661 2895 684 2937 .·
711 2878 1012 2945 Domine,
1034 2878 1094 2936 si
1119 2877 1356 2953 fuisses
1385 2878 1516 2945 hic,
1547 2896 1679 2937 non
1711 2886 1865 2937 esset

359 2985 658 3036 mortuus
704 2976 917 3052 frater
965 2995 1160 3036 meus.
1195 2973 1338 3038 Haec
1389 2975 1582 3038 verba
1628 2974 1865 3038 Martha

1971 2382 2219 2463 justitia
2249 2392 2706 2465 processerunt.
2726 2384 3265 2458 Quemadmodum
3295 2384 3469 2447 enim

1975 2488 2185 2544 motus
2227 2481 2592 2564 passionum
2634 2490 2782 2545 sunt
2822 2483 2995 2557 vitia,
3039 2482 3162 2545 nisi
3206 2483 3470 2547 rationis

1975 2598 2243 2643 censura
2287 2598 2401 2662 per
2439 2581 2704 2643 virtutes
2750 2582 3018 2645 morales
3058 2582 3467 2665 regulentur3

1974 2680 2061 2740 ita
2091 2687 2242 2741 sunt
2278 2685 2453 2741 actus
2485 2679 2817 2753 virtutum,
2852 2680 2905 2741 si
2947 2678 3158 2741 debite
3197 2679 3471 2761 dirigan-

1974 2786 2098 2840 tur.
2131 2776 2430 2840 Notanter
2468 2778 2683 2859 itaque
2720 2778 2808 2839 ait
2846 2777 3263 2858 Evangelista,
3297 2779 3471 2859 quod

1971 2876 2148 2939 Jesus
2188 2875 2471 2939 turbavit
2508 2895 2575 2938 se
2614 2876 2851 2959 ipsum,
2884 2877 2961 2939 ad
3012 2876 3467 2939 insinuandum

1973 2976 2145 3057 quod
2205 2975 2599 3056 potestative,
2653 2993 2780 3038 non
2831 2975 3017 3039 solito
3072 2976 3261 3039 modo
3318 2975 3471 3039 alio-

355 3091 622 3155 quoque
661 3073 872 3137 locuta
909 3081 1026 3148 est,
1060 3081 1122 3135 et
1161 3092 1333 3135 nunc
1372 3073 1686 3136 elucidata
1719 3092 1863 3137 con·
1900 3069 1943 3134 C
1976 3093 2141 3147 rum,
2188 3080 2324 3136 orta
2365 3072 2489 3135 fuit
2531 3073 2596 3136 in
2642 3074 2782 3155 ipso
2823 3073 3099 3137 turbatio
3141 3072 3305 3135 talis.

355 3171 616 3235 sistunt.
666 3171 852 3235 Forte
905 3168 1096 3233 Maria
1153 3171 1312 3234 dixit
1368 3172 1493 3234 alia
1551 3173 1863 3254 pluraque

353 3270 574 3345 verba,
607 3288 758 3352 quae
794 3270 954 3333 dixit
998 3277 1062 3332 et
1097 3268 1354 3346 Martha,
1389 3289 1534 3352 quae
1585 3270 1864 3351 Evange-

351 3368 502 3431 lista
547 3387 676 3433 non
732 3368 975 3442 recitat,
1028 3386 1104 3431 eo
1154 3370 1328 3451 quod
1381 3369 1577 3431 semel
1631 3368 1865 3431 descri-

353 3474 466 3550 pta
506 3466 657 3529 sint.
695 3466 1134 3530 Communiter
1161 3473 1374 3528 tamen
1412 3473 1664 3528 tenetur
1691 3468 1862 3547 quod

354 3585 484 3629 non
526 3565 689 3627 dixit
729 3566 915 3648 plura
946 3564 1160 3640 verba,
1198 3573 1458 3646 propter
1486 3564 1719 3628 doloris
1761 3583 1865 3627 ve-

353 3663 748 3728 hementiam
798 3664 877 3727 de
923 3662 1137 3726 fratris
1197 3661 1480 3737 interitu,
1532 3670 1595 3725 et
1648 3664 1860 3743 gaudii

353 3761 840 3825 exuberantiam
890 3763 968 3824 de
1017 3760 1248 3825 Christi
1298 3762 1598 3824 adventu.
1639 3761 1864 3834 Quem-

353 3860 703 3923 admodum
741 3860 914 3922 enim
955 3878 1222 3941 magnus
1272 3860 1471 3935 dolor,
1507 3860 1598 3922 sic
1637 3866 1700 3921 et
1739 3880 1864 3922 ma-

353 3978 478 4041 gna
509 3957 729 4021 laetitia
757 3957 952 4019 verba
979 3958 1306 4041 abrumpit
1335 3965 1525 4039 atque
1565 3958 1862 4040 praescin-

357 4058 472 4121 dit.
508 4055 621 4119 Vel
652 4056 959 4137 quoniam
986 4055 1186 4137 jacuit
1222 4074 1415 4137 super
1444 4063 1698 4137 terram,
1733 4076 1861 4121 non

2063 3170 2399 3234 Infremuit
2451 3189 2599 3253 ergo
2654 3171 2907 3254 spiritu,
2960 3179 3023 3233 et
3072 3170 3353 3234 turbavit
3403 3190 3471 3234 se

1973 3272 2187 3353 ipsum
2224 3288 2237 3333 :
2274 3270 2503 3351 primo,
2537 3270 2614 3331 ad
2651 3269 3107 3332 insinuandum
3140 3270 3466 3332 veritatem

1973 3370 2268 3431 humanae
2306 3375 2547 3430 naturae
2586 3368 2650 3429 in
2692 3368 2875 3450 ips03
2918 3369 3218 3443 secundo,
3263 3368 3327 3430 in
3369 3386 3471 3431 ex-

1971 3467 2281 3549 emplum,
2316 3474 2387 3528 ut
2427 3467 2648 3529 doceat
2685 3484 2798 3529 nos
2841 3472 3059 3529 contra
3088 3465 3241 3528 vitia
3278 3474 3469 3547 atque

1973 3564 2296 3629 diabolum
2351 3563 2624 3626 fremere
2680 3571 2743 3625 et
2801 3564 3088 3643 moveri3
3139 3564 3346 3640 tertio,
3400 3572 3471 3627 ut

1972 3663 2240 3727 formam
2291 3661 2749 3743 compassionis
2811 3660 3163 3743 praeberet3
3215 3669 3463 3743 quarte,

1975 3770 2043 3825 ut
2081 3762 2486 3824 dilectionem
2528 3780 2704 3823 suam
2748 3762 2825 3823 ad
2855 3760 3157 3823 Lazarum
3198 3762 3469 3844 ejusque

1972 3878 2217 3923 sorores
2242 3860 2603 3923 ostenderet
2634 3860 2650 3922 Ξ
2686 3878 2831 3922 nam
2865 3866 3007 3941 post
3037 3877 3239 3940 pauca
3264 3858 3468 3932 flevit,

1972 3966 2042 4020 ut
2091 3958 2402 4040 sequitur.
2450 3957 2665 4040 ltaque
2714 3956 3009 4020 fremitus
3060 3958 3178 4019 iste
3228 3965 3291 4020 et
3338 3964 3470 4020 tur-

1971 4057 2163 4131 batio,
2208 4074 2612 4138 nequaquam
2658 4054 3099 4118 diminuebant
3143 4074 3360 4138 pacem
3406 4064 3471 4119 et

359 4162 495 4218 erat
523 4153 832 4236 disposita
859 4155 936 4216 ad
967 4154 1352 4235 loquendum
1385 4154 1626 4235 prolixe
1656 4174 1864 4238 quem·
1971 4154 2496 4237 tranquillitatem
2549 4155 2889 4217 mentalem
2938 4154 3168 4217 animae
3208 4154 3462 4218 Christi.
3577 4172 3587 4185 ·

358 4253 708 4316 admodum
749 4251 988 4313 Martha
1029 4270 1174 4333 quae
1215 4252 1409 4313 stetit.
1891 4254 1942 4317 D
1975 4255 2327 4336 Propterea,
2380 4254 2733 4315 secundum
2792 4252 3267 4335 Hieronymum,
3331 4252 3469 4316 fue-

437 4356 625 4414 Jesus
662 4370 836 4429 erqo,
868 4359 943 4412 ut
989 4352 1156 4411 vidit
1193 4371 1338 4411 eam
1378 4354 1773 4430 plorantem,
1802 4363 1862 4414 et
1973 4360 2122 4415 runt
2152 4352 2363 4435 potius
2405 4352 2849 4434 propassiones
2890 4370 3082 4433 quam
3114 4352 3460 4433 passioneS.

357 4454 616 4513 Judoeos
645 4451 764 4528 qui
791 4458 1099 4511 venerant
1129 4469 1276 4511 cum
1299 4470 1376 4509 ea
1396 4452 1745 4527 plorantes,
1765 4452 1864 4512 in·
1969 4486 2050 4497 —
2078 4450 2289 4525 Porro,
2323 4450 2493 4531 quod
2522 4450 2801 4513 turbatio
2834 4448 3080 4513 Christo
3109 4450 3463 4525 conveniat,

358 4550 641 4630 fremuit
667 4549 936 4625 spiritu,
967 4548 1032 4609 id
1063 4554 1180 4622 est,
1215 4565 1291 4609 ex
1325 4548 1584 4612 rationis
1620 4548 1862 4629 judicio
1971 4549 2341 4632 frequenter
2387 4554 2654 4611 testatur
2700 4547 3027 4611 Psalmista
3078 4566 3092 4610 ε
3147 4555 3217 4609 ut
3263 4567 3464 4629 quum

359 4654 424 4709 et
482 4652 792 4728 potestate
849 4645 1099 4719 animae,
1163 4646 1474 4729 impetum
1522 4648 1862 4727 quemdam
1971 4650 2061 4711 ait
2106 4648 2174 4709 in
2220 4666 2491 4730 persona
2533 4646 2765 4709 Christi
2802 4665 2815 4709 :
2851 4646 3094 4727 Pauper
3137 4665 3279 4708 sum
3324 4665 3460 4728 ege,
3494 4676 3758 4727 Pmuxxvn,

359 4744 810 4816 affectuosum,
844 4743 946 4806 vel
991 4744 1200 4826 potius
1250 4745 1612 4808 dolorosum
1660 4752 1725 4807 et
1769 4745 1867 4807 in·
1973 4755 2036 4809 et
2066 4747 2130 4809 in
2167 4745 2489 4808 laboribus
2518 4764 2555 4806 a
2582 4744 2916 4825 juventute
2946 4762 3124 4825 mea3
3158 4744 3465 4807 exaltatus
3496 4739 3563 4781 ¹⁶·

362 4841 872 4924 dignabundum‚
925 4841 1158 4917 emisit,
1211 4842 1549 4923 indignans
1599 4851 1864 4930 ‘peccato
1973 4853 2208 4918 autem,
2272 4842 2643 4904 humiliatus
2702 4860 2842 4903 sum
2908 4849 2973 4903 et
3028 4841 3461 4907 conturbatus.

79 4950 331 5006 Scamn-
363 4950 426 5003 et
482 4939 728 5003 auctori
779 4939 1021 5021 peccati
1071 4939 1342 5015 diabolO,
1394 4940 1576 5021 cujus
1625 4940 1867 5003 invidia
1975 4942 2093 5005 Sed
2152 4942 2251 5004 his
2301 4940 2553 5003 videtur
2609 4940 2868 5004 obviare
2923 4941 3095 5021 quod
3143 4940 3330 5003 lsaias
3389 4942 3467 5003 de

365 5058 538 5103 mors
588 5037 879 5101 introivit
932 5037 1001 5099 in
1048 5037 1267 5101 orbem
1321 5046 1650 5101 terrarum.
1703 5039 1869 5102 Indi·
1976 5041 2223 5105 Christo
2252 5039 2497 5113 asserit,
2530 5037 2665 5102 Non
2705 5038 2826 5100 erit
2862 5038 3061 5100 tristis
3100 5057 3309 5121 neque
3336 5048 3471 5103 tur·
3518 5068 3748 5119 1„¹.,..,4,

365 5138 682 5220 gnabatur
719 5136 916 5217 igitur
946 5144 1163 5199 contra
1201 5135 1548 5210 diabolum,
1583 5156 1657 5201 eo
1695 5140 1866 5219 quod
1976 5141 2319 5217 bulentus3
2362 5146 2426 5199 et
2473 5156 2587 5219 per
2631 5137 2965 5199 Jeremiam
3014 5138 3122 5212 ait,
3167 5136 3292 5219 Ego
3339 5158 3466 5203 non
3495 5168 3760 5216 10³2„st

89 5250 337 5303 cen.m.4-⁶.
367 5256 484 5299 sua
534 5234 946 5317 persuasione
994 5234 1246 5297 induxit
1294 5237 1714 5318 protoplastos
1763 5256 1871 5319 pa·
1977 5258 2118 5301 sum
2170 5236 2481 5310 turbatu5‚
2534 5242 2597 5297 te
2656 5242 2970 5317 pastorem
3019 5254 3315 5317 sequens.
3369 5236 3471 5299 Di-

369 5342 583 5399 rentes
641 5335 720 5397 ad
779 5333 1058 5418 culpam,
1118 5334 1339 5416 sicque
1397 5342 1588 5399 totam
1651 5334 1872 5399 infecit
1980 5337 2277 5411 cendum,
2327 5336 2500 5417 quod
2544 5334 2696 5397 talia
2744 5333 3153 5423 intelligenda
3199 5341 3349 5397 sunt
3393 5337 3471 5399 de

155 4352 224 4409 33
