4300 6259
124 1172 193 1227 29

122 2952 195 3007 30

1122 515 1471 563 numano
1514 514 1579 563 m
1618 515 1757 563 cn.
1804 514 1959 561 xxm
2000 515 2188 564 LUGAE.
2235 536 2316 547 —
2355 517 2498 565 Aur.
2545 518 2688 565 xux

3335 498 3457 565 237

340 698 497 743 nem
560 688 624 744 et
680 682 909 748 fletum
968 704 1211 760 earum,
1266 688 1379 749 sed
1435 686 1723 750 hortatur
1782 693 1855 748 ut
1883 684 2139 749 Aarido
2186 690 2630 769 comparatur?
2677 687 2837 749 Hinc
2887 686 3178 750 Salomon
3223 686 3313 747 ait
3344 704 3358 749 :
3393 684 3456 747 Si
3486 703 3747 752 Pramum.

342 798 475 842 non
511 781 601 843 ita
629 784 955 847 dumtaxat
986 786 1239 867 plorent
1268 788 1435 849 sicut
1474 785 1808 868 plorabant
1835 804 1848 847 :

346 879 523 941 unde
588 882 923 945 admonuit
977 902 1083 945 eas
1151 892 1222 947 ut
1278 885 1469 946 etiam
1529 884 1854 966 propriam

346 977 803 1055 calamitatem,
838 989 902 1043 et
934 980 1225 1045 filiorum
1266 1001 1529 1046 suorum
1574 983 1849 1064 culpam,

345 1074 897 1161 imminentesque
935 1098 1157 1162 poenas
1196 1082 1668 1163 deplangerent.
1698 1079 1853 1143 Nam

348 1172 704 1238 subditur:
748 1181 1059 1256 quoniam
1108 1200 1243 1239 ecce
1290 1182 1545 1241 venient
1591 1182 1729 1240 dies
1779 1182 1853 1241 in

343 1274 583 1351 quibus
629 1278 845 1337 dicent
891 1276 1277 1341 habitatores
1326 1286 1389 1340 et
1446 1277 1852 1340 habitatrices

338 1370 699 1435 Jerusalem
748 1392 821 1437 ac
863 1374 1093 1439 Judaeae
1145 1395 1159 1438 t
1204 1380 1423 1439 Beatae
1467 1379 1713 1437 steriles
1760 1376 1855 1438 fe-

344 1470 566 1545 minae,
601 1490 749 1553 quae
776 1491 903 1536 non
936 1484 1389 1556 conceperunt,
1417 1486 1477 1536 et
1508 1475 1673 1536 beati
1706 1496 1854 1536 ven-

344 1578 477 1628 {res
505 1574 627 1648 qui
654 1591 785 1631 non
812 1582 1205 1647 yenuerunt,
1228 1582 1289 1633 et
1319 1576 1517 1635 ubera
1550 1594 1693 1651 quoe
1721 1593 1851 1634 non

342 1670 780 1740 lactaverunt,
806 1670 927 1733 hoc
964 1679 1081 1745 est,
1114 1670 1283 1733 fetus
1324 1690 1451 1733 non
1492 1670 1853 1733 habuerunt

342 1764 593 1845 quibus
643 1766 739 1829 lac
786 1768 1030 1830 darent.
1066 1768 1197 1832 Hoc
1235 1768 1521 1832 Christus
1563 1769 1855 1851 praedixit

1960 784 2170 864 justus
2209 786 2272 847 in
2315 794 2480 848 terra
2527 786 2774 868 recipit,
2817 794 3054 868 quanto
3095 786 3294 867 magis
3341 786 3460 847 im-

1965 884 2109 965 pius
2153 892 2215 945 et
2259 888 2602 966 peccatori

2040 984 2457 1043 Ducebantur
2493 994 2713 1044 autem
2751 992 2810 1043 et
2849 985 2974 1043 alii
3009 986 3140 1044 duo
3180 1001 3457 1063 nequam
3591 991 3662 1047 32

1962 1100 2107 1141 cam
2150 1100 2239 1151 ec,
2281 1092 2353 1142 uc
2393 1083 2938 1160 interficerentur.
2989 1081 3116 1145 Hoc
3166 1080 3461 1162 inquina-

1962 1178 2194 1241 tissimi
2229 1180 2426 1243 Judaei
2477 1188 2999 1264 procuraverunt,
3045 1189 3116 1243 ut
3156 1198 3233 1242 ex
3279 1180 3463 1243 latro-

1962 1296 2115 1338 num
2145 1278 2400 1340 illorum
2431 1280 2761 1355 consortio,
2782 1278 3072 1341 Christus
3101 1278 3463 1341 sceleratior

1961 1383 2336 1457 appareret;
2390 1394 2505 1438 nec
2553 1375 2784 1457 legitur
2828 1376 2998 1456 quod
3044 1376 3136 1437 illi
3183 1394 3458 1457 nequam

1962 1492 2141 1535 suam
2177 1473 2442 1537 tulerint
2469 1492 2746 1549 crucem,
2783 1483 2852 1536 ut
2887 1474 3088 1536 Jesus.
3123 1473 3242 1537 Sed
3278 1476 3458 1537 Jesus

1962 1572 2098 1635 haec
2136 1592 2360 1654 passus
2397 1580 2513 1647 est,
2548 1583 2620 1635 ut
2656 1593 2771 1637 nos
2812 1574 3038 1637 merito
3079 1573 3272 1654 hujus
3315 1592 3460 1636 con-

1960 1669 2234 1732 fusionis
2293 1671 2736 1752 passionisque
2793 1692 2944 1746 suae,
3003 1672 3170 1733 inter
3225 1672 3457 1734 electos

1961 1766 2070 1828 Dei
2112 1776 2177 1829 et
2215 1769 2471 1850 angelos
2515 1776 2982 1852 computemur.

341 1864 425 1925 de
467 1869 758 1945 tempore
795 1866 1148 1930 obsidionis
1183 1866 1529 1929 Jerusalem
1568 1886 1605 1929 a
1634 1866 1855 1931 Roma-
1888 1867 1935 1929 B
2044 1868 2128 1927 Ec
2150 1876 2492 1947 postquam
2522 1876 2836 1929 venerunt
2865 1869 2939 1927 in
2971 1872 3180 1928 locum
3209 1869 3327 1945 qui
3357 1886 3460 1927 υο-
3592 1876 3662 1931 33

342 1961 473 2035 nis,
507 1980 657 2043 quae
692 1962 859 2026 facta
895 1972 993 2027 est
1028 1984 1197 2028 anno
1234 1966 1719 2047 quadragesimo
1760 1984 1855 2027 se-

339 2061 560 2123 cundo
603 2070 745 2142 post
782 2061 1013 2125 Christi
1055 2065 1437 2146 passionem.
1472 2064 1741 2146 Fuitque
1786 2064 1852 2126 in

336 2176 417 2221 ea
476 2158 829 2223 indicibilis
888 2162 1233 2237 calamitaS,
1286 2181 1604 2246 pressura,
1662 2171 1853 2245 atque

338 2258 655 2321 moestitia
699 2258 1083 2335 Judaeorum,
1118 2262 1184 2323 in
1233 2268 1481 2324 tantum
1527 2263 1699 2344 quod
1748 2281 1856 2345 pa-

340 2364 561 2419 rentes
592 2376 741 2421 suos
772 2378 1007 2441 pueros
1036 2361 1451 2423 comederunt
1480 2380 1494 2423 ε
1528 2361 1672 2425 ideo
1701 2368 1855 2423 tunc

339 2454 669 2519 feliciores
716 2458 1179 2540 reputabantur
1221 2460 1333 2541 qui
1384 2459 1627 2541 absque
1676 2460 1855 2541 prole

340 2552 637 2627 fuerunt,
671 2573 866 2635 quam
896 2555 1143 2637 prolem
1186 2556 1514 2632 habenteS,
1549 2558 1855 2638 quoniam

340 2651 563 2713 minor
600 2650 727 2713 fuit
768 2652 860 2714 eis
904 2672 1093 2716 causa
1141 2654 1477 2727 moestitiae,
1510 2673 1713 2736 quum
1756 2674 1857 2718 so-

340 2748 563 2813 bolem
630 2768 759 2813 non
828 2750 1137 2814 haberent
1203 2751 1389 2833 cujus
1452 2753 1855 2817 intuerentur

342 2848 666 2909 miseriaS.

432 2949 618 3007 Tunc
646 2948 968 3023 incipient
1008 2950 1224 3009 dicere
1252 2950 1595 3023 montibus,
1633 2952 1856 3012 Cadite

1961 1974 2149 2023 catur
2183 1966 2522 2027 Calvarioe.
2558 1964 2840 2028 Calvaria
2870 1964 3104 2027 dicitur
3133 1983 3203 2028 os
3233 1964 3458 2046 capitis

1962 2060 2250 2137 humani,
2303 2080 2512 2137 carne,
2563 2063 2751 2146 pelle,
2801 2062 3218 2144 crinibusque
3265 2064 3464 2125 nuda-

1964 2167 2122 2222 tum.
2157 2160 2422 2234 Quidam
2467 2180 2636 2243 ergo,
2672 2170 2742 2223 ut
2779 2161 2974 2224 refert
3014 2161 3456 2245 Hieronymus,

1961 2259 2330 2321 asserebant
2377 2260 2520 2323 ideo
2566 2260 2776 2323 locum
2825 2262 3040 2335 istum,
3083 2260 3326 2323 dictum
3374 2260 3465 2323 lo-

1964 2376 2111 2419 cum
2170 2357 2490 2431 Calvariae,
2552 2358 2706 2438 quia
2763 2357 2854 2419 ibi
2917 2359 3206 2440 sepultus
3267 2357 3464 2420 fuerit

1962 2454 2184 2530 Adam,
2218 2455 2488 2537 ejusque
2517 2462 2708 2538 caput
2735 2454 2826 2517 ibi
2857 2456 3181 2518 conditum
3213 2454 3367 2536 fuit3
3400 2464 3464 2517 et

1962 2556 2135 2635 quod
2174 2555 2316 2617 ideo
2357 2554 2446 2615 ibi
2487 2552 2779 2634 crucifigi
2811 2554 3012 2617 voluit
3052 2554 3358 2629 Christus,
3393 2564 3465 2617 ut

1964 2654 2221 2734 sanguis
2265 2653 2404 2734 ejus
2453 2670 2648 2735 super
2687 2653 2882 2735 primi
2931 2653 3208 2716 hominis
3251 2662 3464 2715 tumu-

1965 2753 2099 2814 lum
2138 2752 2496 2826 distillaret,
2532 2768 2810 2831 eumque
2853 2770 3000 2813 cum
3043 2770 3157 2813 sua
3195 2752 3462 2832 posteri-

1962 2858 2087 2925 tate
2118 2849 2409 2913 salvaret.
2443 2848 2616 2912 Hanc
2645 2848 3012 2932 opinionem
3054 2850 3462 2931 reprehendit

1962 2948 2406 3031 Hieronymu5‚
2459 2948 2700 3029 dicem,
2751 2948 2946 3010 Adam
2999 2947 3200 3010 fuisse
3249 2950 3462 3030 sepul-

338 3064 545 3123 ευμεν
590 3064 745 3117 nos;
790 3055 851 3106 et
896 3048 1186 3118 collibus,
1245 3050 1498 3125 operite
1543 3067 1679 3109 nos.
1725 3048 1854 3111 Hoc
1891 3045 1933 3109 C
1963 3053 2096 3109 tum
2135 3047 2318 3126 juxta
2353 3045 2628 3120 Hebron,
2665 3053 2732 3107 ut
2761 3063 2837 3107 ex
2878 3045 3042 3109 libro
3069 3046 3254 3109 Josue
3293 3065 3462 3110 com·-

338 3142 595 3225 quippc
635 3143 955 3217 dixerunt,
990 3144 1090 3207 vel
1134 3163 1213 3207 ex
1256 3145 1717 3227 desperatione,
1753 3146 1853 3209 vel

338 3242 420 3303 ad
468 3241 931 3304 insinuandum
973 3244 1478 3323 magnitudinem
1524 3263 1653 3307 suae
1694 3246 1857 3307 cala-

336 3340 587 3403 mitatis
646 3360 721 3403 ac
772 3341 1203 3416 desolationiS,
1255 3343 1356 3407 vel
1404 3361 1482 3405 ex
1539 3343 1855 3407 desiderio

334 3438 703 3520 effugiendi
742 3440 1135 3503 adversarios
1174 3459 1343 3504 suos.
1379 3441 1557 3503 Tunc
1592 3460 1852 3524 quoque

334 3537 534 3600 multi
563 3537 925 3601 Judaeorum
963 3538 1267 3619 fugerunt
1303 3540 1382 3601 ad
1422 3557 1721 3603 cavernas
1762 3549 1855 3603 at-

334 3653 473 3717 que
532 3635 895 3717 speluncas.
946 3634 1103 3699 Nam
1155 3644 1219 3698 et
1270 3635 1581 3719 Josephus
1630 3639 1855 3701 scribit

336 3754 409 3797 se
450 3742 607 3797 tunc
648 3753 797 3797 cum
834 3735 1254 3817 quadraginta
1290 3736 1444 3799 viris
1484 3737 1550 3798 in
1592 3738 1852 3819 spelun-

336 3852 483 3896 cam
524 3834 871 3914 quamdam
910 3833 1174 3914 fugisse.
1216 3831 1423 3895 Simili
1464 3852 1657 3897 sensu
1694 3837 1852 3899 scri-

60 3954 223 4007 emx,
244 3960 289 3999 s.
338 3940 527 4015 ptum
563 3938 661 3993 θεῖ
690 3950 805 4013 per
834 3930 989 3995 Osee
1022 3951 1037 3995 ε
1071 3931 1294 3994 Dicent
1323 3934 1669 4012 montihuS,
1693 3934 1851 4017 Ope-

126 4332 191 4388 3¹

336 4031 463 4093 rite
520 4048 681 4110 nos;
731 4039 795 4091 et
848 4029 1143 4105 collibuS,
1196 4029 1409 4093 Cadite
1466 4050 1661 4113 super
1706 4052 1843 4096 nOS.

332 4128 515 4202 Quod
558 4135 623 4190 et
660 4128 739 4190 de
768 4136 1055 4210 tempore
1095 4129 1263 4191 circa
1300 4128 1497 4191 finale
1532 4130 1846 4210 judicium

1964 3145 2290 3228 probatur.
2334 3144 2654 3226 Scriptum
2699 3152 2796 3206 est
2842 3144 3015 3206 enim
3059 3144 3124 3205 in
3165 3144 3332 3207 libro
3367 3145 3460 3209 Jo-

1964 3262 2077 3306 sue
2109 3263 2124 3307 :
2160 3245 2358 3306 Adam
2398 3243 2712 3306 maximus
2746 3242 2838 3305 ibi
2877 3244 3036 3305 situs
3063 3251 3181 3317 est,
3217 3244 3460 3307 scilicet
3511 3263 3642 3308 ame
3656 3279 3742 3318 m,

1963 3344 2027 3405 in
2080 3344 2386 3425 spelunca
2432 3342 2698 3425 duplici,
2753 3341 2860 3403 ubi
2911 3341 3228 3405 Abraham
3275 3362 3456 3406 suam
3489 3328 3746 3444 {anax-n,

1961 3442 2300 3522 conjugem
2329 3441 2559 3521 legitur
2588 3440 2918 3522 sepeliisse
2949 3441 3014 3503 in
3043 3440 3292 3503 Genesi.
3312 3442 3456 3506 Pro·
3485 3454 3551 3495 ¹⁹-

1962 3548 2105 3621 pter
2133 3540 2304 3620 quod
2342 3539 2594 3601 Hebron
2623 3539 2778 3601 olim
2811 3538 3152 3601 vocabatur
3181 3538 3458 3603 Cariath-

1959 3638 2133 3713 arbe‚
2177 3638 2241 3701 id
2286 3645 2381 3699 est
2425 3638 2646 3699 civitas
2689 3643 2984 3718 quatuor,
3026 3655 3100 3700 eo
3144 3640 3314 3719 quod
3365 3640 3451 3701 ibi

1960 3737 2196 3818 sepulti
2269 3736 2398 3799 sint
2461 3742 2733 3817 quatuor
2802 3735 3012 3814 magni
3082 3735 3455 3800 Patriarchae

1958 3854 2103 3897 cum
2157 3834 2460 3898 uxoribus
2509 3833 2666 3907 suiS,
2719 3832 3014 3896 videlicet
3060 3834 3258 3896 Adam
3305 3854 3451 3897 cum

1956 3934 2106 4007 Eva,
2148 3933 2465 3996 Abraham
2513 3950 2660 3993 cum
2709 3930 2878 4007 Sara,
2927 3930 3096 3993 Isaac
3145 3951 3292 3994 cum
3339 3933 3456 3996 Re-
3517 3950 3742 4004 maan,

1958 4032 2172 4107 becca,
2211 4031 2399 4094 Jacob
2443 4050 2588 4093 cum
2627 4030 2758 4092 Lia.
2801 4030 3248 4094 Verumtamen
3293 4031 3454 4096 Tho-
3476 4016 3740 4127 ξζῇᾚῇῦῖ

1958 4150 2091 4194 mas
2140 4148 2334 4212 super
2373 4129 2606 4191 Lucam
2655 4127 2881 4190 scribit
2912 4127 3326 4192 Athanasium
3364 4131 3450 4193 di-

333 4226 613 4307 intelligi
664 4234 891 4309 potest,
936 4226 1001 4288 in
1041 4246 1171 4308 quo
1212 4228 1487 4289 maxima
1526 4228 1850 4294 tribulatio
1879 4242 1929 4303 D
1956 4248 2121 4305 cere,
2173 4229 2344 4309 quod
2386 4228 2742 4290 Judaeorum
2795 4227 3082 4289 doctores
3123 4227 3450 4292 affirmant

335 4326 485 4387 erit.
526 4326 697 4393 Quia
729 4326 791 4383 si
829 4327 901 4385 in
933 4326 1146 4385 viridi
1182 4328 1359 4403 liquo
1398 4328 1531 4387 Izaec
1564 4329 1847 4404 faciunt,

338 4425 463 4487 hoc
513 4430 635 4499 est,
676 4423 731 4485 si
772 4422 875 4485 isti
919 4422 1125 4503 iniqui
1178 4440 1281 4485 me
1320 4423 1405 4485 ita
1453 4426 1751 4488 occidunt
1788 4434 1849 4490 et

338 4529 602 4597 vexant,
656 4522 769 4602 qui
827 4522 1019 4584 viridi
1078 4521 1250 4602 ligno
1306 4522 1645 4598 assimilor,
1698 4526 1851 4606 quia

332 4620 583 4703 jugiter
631 4620 861 4702 plenus
917 4620 1014 4682 fui
1070 4627 1132 4682 et
1184 4640 1327 4682 sum
1384 4621 1673 4684 omnium
1723 4624 1851 4685 vir-

338 4727 559 4781 tutum
600 4718 814 4780 fructu
859 4727 923 4780 et
964 4717 1125 4781 flore
1166 4718 1575 4800 perfectionis
1614 4721 1851 4784 virore-

338 4836 474 4900 que
527 4817 771 4899 gratiae,
822 4817 909 4879 ita
961 4818 1133 4898 quod
1193 4836 1307 4900 per
1362 4826 1629 4881 mortem
1685 4820 1848 4884 hanc

340 4916 694 4981 violentam
734 4915 1023 4977 abscindi
1055 4923 1119 4978 et
1146 4916 1281 4979 tolli
1323 4935 1450 4979 non
1484 4918 1687 4979 merui
1716 4938 1730 4987 ς
1772 4922 1847 4981 in

339 5018 537 5077 arido
567 5016 733 5094 quid
760 5017 911 5092 fiet?
950 5014 1013 5076 id
1055 5022 1170 5089 est,
1197 5014 1405 5096 qualis
1441 5016 1562 5076 erit
1598 5017 1847 5097 punitio

336 5112 621 5175 Judaicae
678 5111 887 5193 plebis
944 5131 1048 5174 me
1098 5114 1562 5194 persequentiS,
1614 5116 1851 5179 omnis-

340 5228 475 5293 que
524 5209 760 5291 iniqui,
804 5212 916 5291 qui
968 5218 1229 5293 propter
1271 5212 1578 5275 virtutum
1630 5232 1847 5275 caren-

342 5310 501 5373 tiam
562 5316 629 5371 et
689 5309 1019 5391 pravitatis
1088 5310 1607 5373 infecunditatem
1677 5310 1849 5392 liguo

1955 4328 2154 4390 Adam
2216 4328 2282 4388 in
2341 4327 2477 4389 loco
2526 4325 2825 4389 Calvariae
2877 4342 3016 4387 esse
3072 4327 3441 4408 sepultum:

1956 4435 2018 4489 et
2054 4425 2217 4490 forte
2253 4424 2453 4505 aliqui
2482 4424 2838 4486 Judaeorum
2882 4424 3166 4487 doctores
3203 4425 3444 4507 opinati

1956 4530 2105 4586 sunt
2154 4524 2258 4585 ita.
2311 4522 2534 4584 Verius
2593 4530 2802 4584 tamen
2853 4528 2948 4583 est
2995 4522 3203 4585 locum
3253 4525 3444 4587 istum

1955 4623 2196 4685 dictum
2255 4620 2574 4701 Calvariae,
2625 4629 2884 4703 propter
2929 4622 3138 4703 capita
3195 4641 3446 4686 reorum

1955 4721 2043 4783 ihi
2094 4720 2448 4784 occisorum
2494 4737 2508 4781 ε
2550 4738 2695 4800 quae
2731 4720 2936 4802 capita
2979 4727 3264 4802 tempore
3302 4742 3448 4804 pro-

1954 4820 2216 4882 cedente
2263 4816 2506 4879 fiebant
2549 4816 2859 4890 calvariae,
2908 4817 3028 4880 hoc
3073 4825 3168 4880 est
3218 4821 3448 4883 nudata

1953 4938 1990 4980 a
2029 4935 2237 4991 carne,
2272 4916 2462 4999 pelle,
2496 4916 2766 4997 capillis.
2803 4915 2976 4979 Unde
3007 4917 3073 4978 in
3104 4924 3231 4980 tam
3272 4919 3447 4999 igno-

1956 5016 2227 5079 minioso
2274 5015 2411 5077 loco
2458 5014 2752 5096 dignatus
2798 5022 2892 5077 est
2950 5014 3233 5078 Christus
3280 5018 3446 5079 occi-

1954 5115 2039 5189 di,
2077 5121 2146 5175 ut
2176 5132 2288 5177 nos
2329 5113 2555 5176 merito
2593 5132 2722 5177 suae
2753 5114 3194 5196 vilipensionis
3234 5114 3438 5193 istius,

1953 5214 2030 5275 ad
2070 5212 2657 5275 honorabilissimos
2686 5212 2829 5275 coeli
2869 5212 3153 5294 empyrei
3183 5213 3443 5278 thronos

1957 5310 2389 5375 sublevemur.
