4300 6259
1107 534 1458 582 ENARRATm
1503 533 1566 580 ΙΝ
1607 532 1745 578 ῦΔΡ.
1791 531 1925 579 1111
1965 532 2154 578 LUCAE.
2201 552 2281 562 —
2322 533 2464 580 Am.
2510 535 2695 581 XLVIII

3330 519 3452 584 225

329 703 395 766 id
428 711 548 786 est,
571 723 700 768 non
733 704 829 768 vis
861 711 931 768 ut
961 705 1308 767 sustineam
1348 712 1630 778 mortem,
1657 721 1848 785 quam
1880 702 1930 763 A
1960 710 2225 777 vestroS,
2278 703 2632 767 benefacite
2680 705 2781 767 his
2827 705 2941 787 qui
2998 707 3269 769 oderunt
3313 726 3447 770 vos.

327 801 500 864 Deus
541 801 724 865 Pater
759 821 862 864 me
901 803 1218 864 sustinere
1256 802 1538 864 decrevit
1573 809 1636 862 et
1671 800 1848 861 vult?

109 927 254 970 ymb,
327 897 568 962 Omnes
611 900 784 961 enim
828 899 941 980 qui
985 899 1349 981 acceperint
1389 897 1690 979 gladium,
1727 896 1850 975 gla-

71 993 244 1040 ²¹*¹·⁵²·
329 997 438 1059 dio
491 997 820 1079 peribunt,
865 997 928 1058 id
979 1006 1096 1070 est,
1139 997 1252 1078 qui
1303 995 1563 1078 propria
1609 1001 1672 1056 et
1719 994 1849 1075 pri-

329 1102 478 1157 vata
522 1095 898 1158 auctoritate
943 1095 1175 1176 arripit
1220 1095 1669 1176 quodcumque
1715 1090 1849 1153 bel-

329 1192 532 1254 licum
592 1193 1117 1267 instrumentum,
1182 1200 1254 1253 ut
1307 1191 1580 1254 alterum
1637 1189 1842 1265 laedat,

325 1299 440 1352 aut
482 1307 552 1352 se
593 1291 902 1365 vindicet,
947 1291 1086 1372 ipsa
1125 1309 1240 1352 sua
1280 1289 1618 1371 iniquitate
1651 1305 1847 1369 quam

327 1388 452 1450 hoc
510 1387 805 1452 faciendo
864 1389 1227 1463 committit,
1283 1387 1700 1471 spiritualiter
1748 1387 1847 1447 in-

327 1487 578 1549 terimit
618 1488 1060 1569 semetipsum,
1105 1488 1427 1570 peccando
1466 1485 1839 1549 mortaliter.

325 1585 518 1648 Juxta
572 1604 769 1668 quem
829 1604 1090 1648 sensum
1149 1586 1454 1650 Dominus
1505 1585 1570 1646 in
1618 1583 1843 1646 Genesi

77 1692 236 1744 Gau-¹1.
257 1696 298 1736 ⁶-
327 1684 419 1745 ait
453 1701 467 1746 :
504 1683 906 1766 Quicumque
955 1682 1262 1746 effuderit
1308 1683 1682 1763 sanguinem
1729 1682 1845 1743 hu-

328 1801 622 1857 manum,
675 1782 1049 1845 effundetur
1097 1788 1160 1843 et
1207 1781 1466 1861 sanguis
1517 1780 1713 1842 illius,
1771 1779 1844 1840 Et

67 1887 297 1937 amun.
328 1878 630 1944 Salomon
681 1880 966 1962 loquitur
1000 1899 1014 1943 :
1048 1880 1164 1953 Qui
1214 1879 1376 1943 fodit
1422 1879 1696 1959 foveam,
1749 1878 1844 1940 in-

70 1969 298 2064 g‘gegstg,
329 1979 502 2040 cidet
533 1980 602 2041 in
633 1997 775 2042 eam
801 1999 816 2059 ;
867 1987 930 2041 et
960 1979 1073 2060 qui
1105 1978 1372 2060 dissipat
1401 1995 1644 2059 sepem,
1677 1995 1846 2040 mor-

327 2077 512 2140 debit
567 2095 719 2139 eum
777 2078 1060 2142 coluber.
1122 2075 1212 2138 Ex
1276 2076 1376 2138 his
1442 2084 1612 2158 patet
1671 2076 1843 2157 quod

328 2176 716 2257 pravissima
763 2177 848 2238 sit
887 2176 1280 2238 consuetudo
1323 2174 1695 2248 multorum,
1729 2174 1840 2256 qui

325 2274 550 2355 aliquo
588 2293 852 2337 suorum
895 2291 1221 2356 percusso,
1257 2271 1358 2334 vel
1401 2290 1467 2334 se
1498 2273 1655 2354 ipsis
1686 2272 1842 2354 quid

329 2372 591 2452 injurias
642 2371 869 2455 passis,
914 2371 1127 2433 statim
1175 2371 1436 2452 propria
1473 2370 1843 2434 auctoritate

329 2471 636 2533 nituntur
672 2469 920 2544 ulcisci,
955 2476 1020 2532 et
1059 2488 1186 2533 non
1231 2469 1444 2550 potius
1490 2470 1843 2531 secundum

327 2569 622 2633 ordinem
681 2569 847 2651 juris
907 2586 1089 2630 suam
1137 2586 1394 2630 causam
1451 2585 1845 2649 prosequun-

327 2675 458 2728 tur.
512 2668 608 2730 An
672 2677 856 2750 putas
913 2667 1066 2748 quia
1125 2685 1252 2729 non
1310 2684 1573 2747 possum
1623 2683 1842 2746 rogare

328 2765 579 2828 Patrem
643 2783 883 2840 meum,
936 2771 1000 2827 et
1049 2763 1379 2826 exhibebit
1434 2763 1594 2826 mihi
1654 2765 1842 2827 modo

329 2865 480 2947 plus
509 2884 706 2946 quam
737 2863 1075 2927 duodecim
1107 2863 1386 2944 legiones
1417 2862 1786 2943 angelorum
1814 2865 1839 2924 2

327 2961 656 3035 Quomodo
714 2979 864 3042 ergo
922 2960 1366 3043 implebuntur
1423 2959 1767 3042 Scripturae
1814 2963 1838 3022 2

107 2671 258 2716 lauh.

69 2739 300 2786 naemu.

1957 801 2245 874 Attouda,
2281 821 2319 864 o
2348 801 2721 878 Christiane,
2756 805 2909 885 quia
2938 823 2975 866 a
3004 804 3248 867 Christo
3278 803 3455 866 Chri-

1957 900 2200 962 stianus
2252 901 2517 962 vocariS.
2571 900 2633 963 Si
2694 921 2842 982 ergo
2901 903 3128 965 Christi
3187 903 3451 964 virtutes

1955 1006 2211 1061 secutus
2265 1018 2390 1062 non
2449 999 2670 1074 fueriS‚
2724 1000 3090 1082 reprobabit
3148 1007 3229 1074 te,
3280 1007 3343 1062 et
3390 1007 3453 1062 te

1956 1116 2081 1160 non
2127 1115 2267 1160 esse
2310 1097 2736 1161 Christianum
2782 1099 3087 1161 censebit.

2033 1195 2227 1254 Dixit
2264 1203 2481 1255 aulem
2506 1197 2687 1254 Jesus
2726 1197 2813 1255 ad
2847 1215 2948 1256 eos
2986 1197 3105 1275 qui
3144 1205 3451 1256 venerant
3584 1206 3654 1260 52

1953 1294 2042 1351 ad
2077 1312 2140 1352 se
2176 1293 2507 1370 principes
2546 1296 2974 1362 sacerdotum,
3010 1303 3071 1354 ec
3111 1296 3453 1371 mayistra-

1957 1399 2058 1450 tus
2097 1391 2341 1466 templi,
2384 1391 2496 1470 qui
2543 1389 2806 1453 fuerunt
2842 1390 3151 1453 officiales
3191 1392 3257 1453 in
3298 1399 3453 1453 tem-

1955 1488 2083 1569 plo,
2119 1505 2233 1550 seu
2272 1488 2541 1551 aliorum
2579 1490 2885 1564 doctores,
2917 1500 2978 1551 et
3002 1492 3304 1559 seniores,
3336 1491 3449 1572 qui

1954 1593 2132 1646 erant
2178 1585 2423 1666 judices
2474 1587 2776 1649 ordinarii
2827 1587 3057 1670 plebis,
3110 1589 3453 1650 succeden-

1953 1691 2047 1745 tes
2081 1685 2481 1766 septuaginta
2511 1684 2871 1754 senioribus
2902 1705 3062 1767 quos
3092 1685 3329 1768 Moyses
3359 1706 3451 1750 or·
3478 1707 3741 1761 Numam.

1953 1782 2217 1844 dinavit.
2275 1782 2378 1844 lsti
2428 1791 2555 1844 tres
2602 1784 2834 1864 gradus
2882 1784 3238 1848 Judaeorum
3292 1803 3453 1867 prae-.

1877 1882 1927 1946 B
1955 1880 2150 1962 cipui,
2180 1889 2681 1962 procuraverunt
2712 1882 3151 1965 principaliter
3180 1892 3451 1947 mortem

1954 1978 2187 2041 Christi
2231 1996 2245 2040 :
2287 1978 2526 2060 quibus
2577 1980 2720 2042 ideo
2760 1981 3121 2063 specialiter
3168 1981 3453 2062 loquitur

1953 2094 2096 2158 quae
2156 2084 2535 2158 sequuntur.
2598 2076 2719 2140 Sed
2778 2097 2905 2142 non
2966 2079 3217 2142 videtur
3280 2082 3451 2162 quod

1953 2173 2056 2236 isti
2107 2175 2526 2256 personaliter
2574 2175 2665 2237 ibi
2714 2176 3036 2239 adfuerint
3088 2196 3101 2239 :
3158 2179 3285 2240 imo
3334 2179 3453 2240 mi-

1952 2273 2186 2336 nistros
2236 2274 2573 2352 miserunt,
2626 2285 2695 2335 ut
2741 2274 2850 2336 alii
2898 2275 3315 2357 Evangelistae
3362 2276 3453 2338 fa·
3531 2291 3703 2337 Mateta.

1952 2379 2187 2434 tentur.
2223 2372 2316 2434 Ad
2350 2373 2521 2452 quod
2562 2372 2770 2454 primo
2806 2375 3245 2455 respondetur,
3276 2376 3449 2456 quod
3480 2362 3743 2475 ᾗζζο*ζξ,

1951 2477 2267 2532 venerunt
2296 2478 2361 2533 et
2396 2469 2759 2544 adfuerunt,
2794 2489 2918 2534 non
2953 2473 3264 2554 corporali
3298 2492 3453 2553 prae-
3480 2487 3547 2528 43.

1952 2569 2177 2648 sentia,
2211 2569 2319 2630 sed
2363 2569 2755 2642 auctoritate,
2790 2577 2853 2631 et
2894 2569 2959 2631 in
3005 2569 3193 2632 turba
3238 2570 3318 2633 ab
3358 2571 3450 2634 eis

1952 2667 2229 2748 directa3
2263 2667 2566 2741 secundo,
2599 2667 2771 2748 quod
2801 2668 3063 2749 quidam
3091 2685 3310 2732 eorum
3344 2671 3454 2732 ad-

1949 2764 2233 2839 fuerunt,
2267 2771 2337 2826 ut
2375 2783 2475 2826 res
2513 2765 2881 2845 diligentius
2921 2773 3113 2848 atque
3149 2768 3451 2831 audacius

1948 2862 2158 2924 fieret.
2194 2862 2447 2926 Certum
2486 2870 2583 2924 est
2618 2871 2831 2925 tamen
2870 2865 3042 2944 quod
3082 2882 3199 2926 nec
3238 2865 3450 2929 Annas

1950 2979 2067 3022 nec
2115 2959 2381 3042 Caiphas
2431 2959 2521 3021 ibi
2581 2961 2998 3042 personaliter
3048 2963 3449 3045 exstiterint3

326 3059 520 3133 Quasi
555 3060 724 3122 dicat
765 3058 1049 3122 Salvator
1087 3060 1166 3121 ad
1213 3058 1466 3120 Petrum
1503 3077 1516 3120 :
1557 3058 1688 3120 Tua
1735 3059 1841 3121 de-
1873 3065 1918 3131 0
1950 3060 2057 3120 sed
2089 3057 2252 3122 forte
2281 3058 2541 3139 quidam
2572 3058 2679 3120 alii
2711 3058 2877 3120 inter
2907 3061 3259 3123 sacerdotes
3291 3080 3451 3144 prae-

326 3159 624 3222 tensione
665 3176 793 3221 non
832 3175 1007 3238 egeo,
1051 3158 1166 3239 qui
1209 3165 1300 3220 tot
1337 3157 1615 3220 millium
1653 3176 1840 3239 ange-

327 3257 540 3320 lorum
575 3274 829 3339 possem
862 3256 1096 3319 habere
1125 3256 1480 3336 auxilium3
1521 3262 1585 3317 et
1621 3274 1840 3318 neces-

326 3373 396 3417 se
437 3363 538 3417 est
576 3371 682 3416 me
723 3354 878 3437 pati,
921 3362 991 3417 ut
1029 3355 1226 3417 verba
1266 3354 1720 3436 Prophetarum
1762 3356 1839 3417 de

326 3471 472 3515 mea
511 3453 808 3535 passione
846 3453 1147 3534 praedicta
1173 3452 1590 3516 verificentur
1619 3460 1682 3514 et
1721 3453 1839 3514 im-

326 3551 629 3632 pleantur
672 3551 738 3613 in
783 3569 908 3612 me.

406 3653 494 3711 Ec
524 3671 730 3730 quum
771 3652 1076 3727 tetiyisset
1111 3651 1488 3712 auriculam
1513 3650 1679 3728 ejuS,
1717 3650 1838 3713 sci-

327 3747 481 3810 licet
519 3747 768 3822 Malchi,
799 3749 1061 3809 sanavit
1089 3769 1263 3818 eum,
1295 3749 1686 3812 restituendo
1724 3768 1835 3811 au-

327 3845 600 3908 riculam
651 3846 921 3928 pristino
972 3845 1132 3920 loco,
1185 3853 1248 3909 et
1290 3846 1524 3910 vulnus
1574 3856 1835 3930 repente

326 3944 632 4007 sanando.
675 3942 937 4026 Propter
977 3945 1229 4006 easdem
1279 3963 1498 4006 causas
1546 3945 1831 4008 Christus

323 4041 446 4105 hoc
487 4041 636 4122 egit,
673 4049 936 4124 propter
972 4061 1132 4123 quas
1172 4042 1426 4104 turbam
1466 4043 1827 4125 prostravit,

323 4139 628 4202 videlicet
661 4157 676 4201 :
713 4140 944 4221 primo,
979 4141 1056 4202 ad
1098 4159 1230 4202 suae
1280 4140 1578 4222 potentiae
1627 4141 1833 4204 decla-

1950 3159 2148 3240 cipui.
2187 3160 2387 3227 Quasi
2415 3161 2503 3218 ad
2536 3162 2850 3220 latronem
2878 3162 3104 3221 emistis
3136 3181 3285 3223 cum
3311 3165 3448 3240 yla-

1946 3261 2079 3318 diis
2117 3266 2177 3316 et
2214 3258 2499 3337 fustibus
2534 3257 2695 3338 (imo
2744 3257 2935 3319 etiam
2984 3277 3130 3320 cum
3183 3259 3443 3324 laternis
3470 3279 3739 3336 ananum,

1948 3363 2010 3416 et
2051 3354 2321 3430 facibu5‚
2364 3356 2715 3417 secundum
2763 3355 3114 3436 Joannem),
3148 3358 3226 3420 ad
3272 3377 3445 3422 com·
3474 3346 3514 3389 ³·

1949 3455 2470 3536 prehendendum
2522 3471 2627 3516 me
2673 3454 2983 3517 inermem
3027 3474 3101 3517 ac
3143 3456 3445 3521 innocen-

1946 3559 2096 3614 tem.
2134 3556 2351 3622 Quum
2387 3554 2678 3632 quotidie
2715 3555 3038 3614 vobiscum
3080 3555 3329 3631 fuerim
3368 3559 3441 3618 in
3576 3571 3647 3628 53

1947 3655 2199 3728 templo,
2242 3651 2305 3713 id
2349 3657 2444 3712 est
2490 3649 2859 3730 frequenter
2901 3659 2964 3714 et
3006 3652 3231 3714 diebus
3278 3655 3443 3716 mul-

1947 3751 2040 3824 tis,
2061 3748 2303 3811 scilicet
2326 3746 2623 3810 omnibus
2653 3749 2731 3810 ad
2763 3748 2882 3811 hoc
2911 3750 3184 3832 desuper
3217 3770 3444 3833 praeor-

1943 3848 2197 3921 dinatiS‚
2230 3866 2360 3907 non
2389 3847 2767 3906 eoetendistis
2805 3867 3036 3908 manus
3066 3856 3305 3911 vestras
3345 3869 3443 3913 sa-

1943 3946 2207 4025 crilegas
2236 3946 2309 4005 in
2343 3965 2477 4016 me,·
2504 3944 2615 4005 sed
2650 3942 2781 4024 jam
2812 3952 3099 4026 tempore
3128 3955 3441 4013 nocturno

1943 4043 2173 4109 venitis
2221 4044 2299 4105 ad
2355 4059 2479 4118 me,
2532 4042 2715 4123 quasi
2776 4043 2962 4106 modo
3023 4062 3149 4108 non
3207 4064 3439 4127 queam

1941 4144 2229 4216 evadere,
2262 4141 2375 4223 qui
2417 4159 2544 4204 uno
2575 4139 2771 4203 verbo
2802 4159 2910 4203 vos
2942 4143 3277 4222 prostravi.
3311 4144 3439 4209 Hoc

323 4239 681 4317 rationem3
733 4238 1034 4312 secundo,
1079 4245 1150 4299 ut
1196 4246 1323 4300 tam
1368 4239 1474 4320 pio
1523 4239 1832 4304 miraculo
1863 4249 1911 4310 D
1940 4240 2225 4321 loquitur
2254 4238 2561 4312 ChristuS,
2598 4237 2924 4319 probando
2966 4238 3345 4319 injustitiam
3375 4250 3438 4306 et

323 4339 508 4400 daret
546 4335 788 4418 impiiS‚
832 4344 1145 4418 quantum
1185 4337 1250 4398 in
1300 4355 1368 4399 se
1409 4336 1554 4412 fuit,
1597 4339 1834 4401 occasi-

319 4453 514 4498 onem
576 4435 978 4516 poenitendi;
1032 4435 1238 4509 tertio,
1292 4443 1360 4497 ut
1419 4436 1829 4517 persistentes

319 4532 385 4596 in
437 4532 684 4595 malitia
727 4551 988 4614 prorsus
1041 4532 1504 4596 inexcusabiles
1554 4533 1826 4614 fierent3

318 4639 573 4713 quarto,
619 4637 882 4713 propter
919 4629 1364 4712 Apostolorum
1409 4631 1474 4692 in
1515 4630 1647 4693 fide
1687 4652 1830 4696 con-

317 4728 798 4810 firmationem3
850 4729 1100 4809 quinto,
1144 4729 1222 4790 ad
1272 4736 1549 4792 nostram
1595 4730 1830 4792 instru-

317 4829 620 4891 ctionem.
664 4826 1154 4891 Consideremus
1196 4827 1262 4889 in
1314 4827 1436 4902 his,
1479 4835 1542 4890 et
1589 4829 1825 4893 imitari

318 4943 630 4990 conemur
669 4925 1069 4988 ineffabilem
1105 4926 1426 5008 pietatem,
1463 4938 1829 4991 mansuetu-

317 5025 538 5087 dinem
585 5043 658 5086 ac
709 5023 1082 5106 patientiam
1132 5024 1386 5099 Christi,
1441 5025 1554 5107 qui
1604 5029 1829 5090 crude-

320 5122 642 5184 lissimum
683 5141 872 5184 suum
911 5121 1159 5185 hostem
1199 5129 1326 5184 tam
1370 5123 1827 5204 benignissime

319 5219 533 5300 tetigit
565 5227 630 5282 et
669 5219 936 5295 curavit,
979 5219 1254 5303 implens
1295 5222 1828 5306 implendumque

67 5331 291 5390 manu.
323 5319 558 5382 docens
603 5320 778 5400 quod
830 5317 1106 5400 jusserat
1158 5338 1172 5383 :
1224 5319 1478 5402 Diligite
1526 5321 1825 5387 inimicos

571 5453 638 5505 Τ.
673 5453 754 5506 12.

1941 4339 2155 4402 dolum
2207 4336 2488 4404 illorum.
2532 4335 2685 4416 quia
2735 4342 2803 4396 ut
2850 4335 3003 4398 alibi
3051 4337 3187 4401 ait:
3220 4337 3436 4404 Omnis
3468 4360 3727 4417 mmmm,

1940 4440 2052 4521 qui
2100 4437 2254 4500 facit
2293 4436 2617 4499 veritatem
2670 4435 2845 4498 venit
2892 4437 2970 4498 ad
3021 4437 3271 4520 lucem3
3320 4440 3434 4521 qui
3466 4425 3533 4467 ²⁰·

1939 4546 2150 4600 autem
2190 4536 2354 4598 male
2392 4534 2541 4615 agit,
2585 4534 2719 4597 odit
2759 4533 2991 4596 lucem.
3027 4537 3158 4597 Sed
3186 4539 3320 4598 hoec
3345 4549 3437 4600 est

1937 4639 2096 4697 hora
2127 4645 2359 4702 vestra,
2392 4633 2457 4695 id
2497 4639 2593 4695 est
2622 4641 2831 4696 vestro
2866 4633 3009 4698 dolo
3050 4643 3437 4717 peccatoque

1938 4751 2236 4814 congrua,
2270 4730 2513 4794 scilicet
2544 4738 2798 4813 tempus
2839 4739 3265 4813 nocturnum;
3307 4733 3431 4808 vel,

1936 4832 2098 4896 Hora
2157 4837 2384 4904 vestra,
2446 4829 2511 4891 id
2574 4836 2669 4891 est
2726 4829 2907 4892 vobis
2966 4836 3265 4894 concessa
3322 4850 3435 4894 seu

1939 4929 2249 5014 permissa
2305 4929 2383 4990 ad
2441 4927 2873 4990 invadendum
2938 4947 3092 5009 me3
3149 4941 3210 4991 ec
3260 4941 3435 5008 pote-

1934 5039 2064 5090 scas
2105 5029 2539 5095 tenebrarum,
2577 5025 2643 5087 id
2692 5033 2789 5086 est
2837 5026 3165 5107 tyrannica
3199 5027 3433 5091 violen-

1935 5127 2024 5188 tia
2080 5125 2447 5208 principum
2508 5130 2864 5186 vestrorum
2924 5130 2987 5184 et
3047 5124 3428 5201 daemonum,

1937 5243 2210 5306 quorum
2241 5221 2643 5302 instigatione
2673 5227 3041 5302 potestatem
3073 5221 3238 5285 hanc
3267 5240 3435 5286 exer·

1938 5322 2093 5385 cetis
2135 5321 2201 5384 in
2241 5337 2381 5399 me3
2424 5319 2547 5394 vel,
2580 5317 2857 5382 Potestas
2903 5319 3334 5398 tenebrarum,
3369 5323 3433 5385 id

3118 5455 3181 5506 15
