4300 6259
816 499 897 562 55
1602 519 1949 564 manuario
1992 519 2055 564 u«
2096 519 2236 564 car.
2281 518 2370 564 ιιι
2411 517 2600 564 acca.
2645 537 2728 548 —
2767 517 2910 564 aar.
2955 519 3130 564 mu

816 690 1023 750 cunda
1052 691 1365 762 secundia,
1398 690 1749 770 quaestionc
1776 690 1837 762 3,
1869 691 2071 755 docet,
2106 691 2314 750 ‹licen-
2343 689 2392 748 A
2425 689 2596 752 tione
2643 709 2787 770 quae
2833 709 2945 771 per
2987 689 3430 750 contritionem
3471 685 3718 748 deletur
3757 703 3772 746 ε
3815 684 3908 744 sic

816 789 944 850 do:
978 787 1304 851 Confessio
1352 788 1501 850 fidei
1552 807 1753 868 quum
1800 790 1881 849 sit
1928 789 2083 868 quid
2133 787 2314 849 affir-

814 886 1147 960 mativum,
1192 905 1317 948 non
1369 887 1489 947 nisi
1542 886 1661 948 sub
1708 886 2097 948 affirmativo
2144 887 2311 947 cadit

814 993 1155 1065 praecepto.
1194 984 1383 1047 Porro
1424 993 1739 1066 praecepta
1774 984 2162 1046 affirmativa
2200 984 2312 1047 ob-

812 1081 1011 1162 ligant
1060 1100 1335 1164 semper,
1382 1085 1489 1144 sed
1538 1103 1663 1146 non
1700 1085 1777 1145 ad
1824 1101 2076 1164 semper
2120 1102 2133 1144 :
2181 1083 2311 1144 imo

812 1179 1097 1260 obligant
1134 1181 1337 1242 solum
1373 1201 1487 1262 pro
1521 1183 1659 1244 loco
1686 1191 1751 1243 et
1788 1191 2093 1263 tempore,
2125 1189 2190 1242 et
2219 1199 2312 1241 se-

814 1280 1095 1340 cundum
1124 1279 1279 1340 alias
1310 1280 1815 1342 circumstantias
1844 1282 1921 1342 ad
1952 1289 2162 1341 actum
2195 1279 2312 1341 vir-

816 1377 969 1437 tutis
1004 1378 1355 1458 requisitas,
1380 1379 1597 1460 ltaque
1628 1379 1821 1440 fidem
1854 1398 1965 1440 seu
1996 1378 2308 1441 Christum

817 1475 1107 1538 confiteri
1141 1496 1349 1539 coram
1392 1477 1762 1550 increduliS‚
1796 1486 1949 1539 tunc
1978 1477 2186 1540 solum
2215 1486 2312 1538 est

816 1575 1243 1637 necessarium
1290 1577 1367 1637 ad
1416 1576 1707 1650 salutem,
1740 1578 1997 1659 quando
2044 1595 2160 1658 per
2197 1577 2314 1637 hu-

812 1673 919 1754 jus
948 1681 1125 1734 actus
1163 1673 1573 1737 omissionem
1612 1675 1815 1737 honor
1844 1674 1950 1736 Dei
1986 1674 2314 1736 subtrahe·

818 1780 1012 1844 retur,
1046 1779 1155 1833 aut
1204 1771 1639 1852 proximorum
1692 1773 1951 1834 utilitas,
1984 1773 2047 1834 Si
2096 1781 2308 1835 autem

2421 788 2594 849 enim
2641 787 2856 849 Petrus
2899 788 3172 867 negavit.

2503 891 2588 950 Ee
2623 891 2836 947 omnis
2881 890 2999 966 qui
3035 889 3200 946 dicit
3237 887 3500 945 verbum
3547 886 3616 944 in
3657 884 3910 944 Filium

2421 989 2728 1058 hominis,
2768 987 3136 1047 remittetur
3165 987 3311 1054 2'lli,·
3335 985 3399 1042 σι’
3435 993 3650 1042 autem
3683 981 3801 1059 qui
3838 981 3906 1038 in

2421 1086 2753 1162 Spiritum
2803 1087 3122 1146 Sanctum
3174 1081 3732 1158 blasphemaverit,
3781 1097 3910 1138 non

2422 1187 2808 1245 remittetur.
2849 1183 3050 1245 Locus
3109 1183 3250 1256 iste,
3301 1180 3652 1242 secundum
3699 1179 3914 1257 Augu-

2421 1283 2684 1355 stinum,
2737 1283 2824 1343 ita
2875 1281 3166 1342 difficilis
3217 1286 3334 1352 est,
3387 1287 3454 1340 ut
3512 1277 3618 1338 vix
3671 1277 3736 1338 in
3789 1283 3916 1338 tota

2421 1381 2748 1463 Scriptura
2795 1380 3100 1442 canonica
3143 1378 3388 1460 aliquid
3437 1375 3768 1438 difficilius
3819 1375 3916 1436 in-

2423 1481 2736 1542 veniatur.
2769 1479 3077 1560 Denique,
3115 1485 3182 1538 ut
3217 1476 3359 1557 ejus
3395 1474 3742 1537 difficultas
3779 1473 3914 1534 elu-

2421 1587 2577 1654 ceat,
2627 1577 3086 1638 advertendum
3135 1576 3292 1657 quid
3343 1574 3452 1636 alii
3503 1571 3912 1652 Evangelistae

2421 1676 2847 1739 conscribant.
2895 1675 3112 1757 ltaque
3161 1675 3225 1734 in
3273 1671 3558 1734 Matthaeo
3603 1671 3908 1752 scriptum

2421 1785 2516 1838 est
2551 1796 2565 1838 :
2599 1776 2798 1838 Omne
2831 1783 3158 1858 peccatum
3189 1783 3254 1834 et
3279 1771 3676 1854 blasphemia
3705 1770 3914 1832 remit·
3941 1789 4130 1894 :tile-⁸1³1..
4143 1803 4220 1836 ιιι,

818 1868 979 1931 fides
1032 1870 1353 1931 videretur
1407 1871 1774 1952 periclitari,
1828 1881 1977 1933 tunc
2036 1871 2310 1953 quilibet
2349 1871 2394 1932 B
2423 1883 2589 1937 tetur
2628 1874 3020 1946 hominibus,
3051 1873 3328 1954 Spiritus
3363 1879 3576 1932 autem
3619 1868 3916 1950 blasphe-

816 1975 1067 2030 tenetur
1114 1967 1307 2030 fidem
1358 1968 1616 2050 publice
1668 1969 1983 2032 confiteri.
2033 1968 2208 2042 Quod
2257 1969 2308 2030 si

816 2084 894 2128 ex
944 2065 1093 2127 fidei
1146 2065 1545 2129 confessione
1591 2068 1793 2146 major
1832 2067 2107 2130 oriretur
2148 2069 2314 2130 sedi-

820 2165 928 2236 tio,
978 2173 1089 2226 aut
1136 2164 1497 2227 infidelium
1544 2166 1773 2240 irrisio,
1824 2175 1887 2228 et
1936 2167 2111 2229 nulla
2172 2187 2314 2249 pro-

820 2263 1135 2325 ximorum
1194 2262 1453 2336 utilitas,
1505 2272 1657 2326 tunc
1708 2284 1833 2326 non
1884 2272 2049 2326 esset
2098 2266 2314 2327 lauda-

542 2371 792 2425 tam-vm.
818 2362 951 2424 bile
992 2361 1187 2425 fidem
1231 2362 1547 2438 confiteri,
1590 2383 1669 2425 ne
1710 2364 1975 2426 canibus
2022 2373 2310 2428 sanctum

820 2463 1020 2523 detur.

902 2558 1240 2633 Postremo,
1278 2568 1503 2641 praeter
1534 2569 1891 2642 praetactam
1928 2562 2312 2624 laudabilem

820 2655 1307 2732 confessionem,
1340 2677 1483 2739 quae
1520 2666 1615 2720 est
1654 2657 1806 2720 fidei
1846 2667 2046 2733 actuS,
2078 2670 2176 2722 est
2207 2662 2316 2722 ad-

822 2755 949 2816 huc
996 2755 1233 2836 duplex
1280 2755 1596 2819 confessio
1644 2758 1923 2821 virtuosa
1972 2777 1987 2820 :
2036 2777 2312 2841 quarum

826 2873 951 2916 una
980 2861 1075 2915 est
1112 2863 1289 2916 actus
1332 2856 1549 2930 latriae,
1586 2865 1737 2938 puta
1766 2857 2041 2922 laudatio
2070 2859 2202 2932 Dei,
2235 2861 2314 2922 de

532 2972 951 3081 'suamquc
1002 2954 1203 3015 fertur
1250 2954 1313 3015 in
1370 2954 1633 3028 Psalmo,
1684 2955 2121 3020 Confiteantur
2169 2958 2310 3033 tibi,

2425 1975 2552 2034 mia
2580 1993 2706 2036 non
2751 1973 3127 2034 remittetur.
3163 1971 3237 2032 Et
3265 1969 3658 2052 quicumque
3687 1967 3916 2029 dixerit

2425 2071 2692 2134 verbum
2742 2078 2960 2134 contra
3007 2070 3238 2132 Filium
3290 2068 3588 2140 hominiS,
3641 2067 3918 2128 remitte-

2425 2178 2530 2232 tur
2567 2171 2658 2238 ei:
2691 2171 2803 2253 qui
2844 2179 3056 2232 autem
3095 2169 3327 2231 dixerit
3360 2175 3576 2230 contra
3609 2164 3914 2248 Spiritum

2423 2269 2747 2345 Sanctum,
2783 2289 2908 2332 non
2951 2268 3310 2330 remittetur
3337 2265 3420 2338 ei,
3455 2283 3664 2346 neque
3701 2264 3764 2325 in
3798 2263 3914 2325 hoc

2425 2369 2678 2442 saeculo,
2713 2386 2924 2449 neque
2971 2367 3036 2429 in
3085 2366 3325 2429 futuro.
3365 2364 3552 2428 Porro
3599 2363 3662 2424 in
3715 2361 3914 2424 Marco

2425 2468 2736 2549 scriptum
2766 2474 2859 2529 est
2893 2485 2908 2528 :
2941 2465 3164 2528 Omnia
3201 2463 3600 2525 dimittentur
3627 2460 3782 2523 filiis
3811 2460 3915 2522 ho-
3943 2475 4135 2580 ²13nge.
4159 2489 4218 2521 m.

2425 2567 2674 2628 minum
2707 2574 2962 2647 peccata
2989 2573 3052 2626 et
3079 2561 3510 2645 blasphemiae,
3529 2560 3766 2642 quibus
3795 2558 3918 2620 bla-

2425 2666 2958 2746 sphemaverunt:
2991 2662 3104 2744 qui
3133 2669 3344 2723 autem
3385 2657 3916 2740 blasphemaverit

2427 2765 2490 2826 in
2532 2763 2840 2845 Spiritum
2879 2761 3203 2833 Sanctum,
3237 2778 3362 2821 non
3404 2757 3663 2819 habebit
3701 2756 3917 2818 remis-

2425 2861 2668 2924 sionem
2718 2859 2784 2920 in
2823 2868 3155 2928 aeternum,
3189 2857 3300 2918 sed
3351 2873 3494 2917 reus
3543 2854 3664 2916 erit
3699 2852 3913 2915 aeterni

2425 2960 2662 3022 delicti.
2699 2958 2912 3038 ltaque
2949 2975 3026 3018 ex
3067 2953 3278 3018 verbis
3319 2953 3418 3014 his
3457 2971 3580 3014 non
3625 2950 3917 3034 explana-

822 3050 1107 3127 Domine,
1150 3053 1363 3116 omnia
1408 3071 1601 3134 opera
1648 3063 1787 3130 tua;
1822 3056 1947 3118 alia
1994 3064 2089 3117 est
2134 3065 2314 3120 actus
2351 3055 2396 3118 C
2425 3065 2550 3132 tur,
2585 3059 2695 3119 sed
2734 3057 2944 3139 potius
2981 3053 3406 3117 difficultatur
3435 3050 3698 3114 verbum
3734 3049 3916 3112 Lucae

826 3151 1234 3232 poenitentiae,
1268 3159 1489 3232 estque
1526 3154 1841 3216 accusatio
1882 3155 2156 3236 propriae
2185 3156 2317 3217 cul-

526 3267 795 3321 Jaoot.v‚u.
825 3269 942 3332 pte,
984 3251 1063 3311 de
1105 3269 1233 3329 qua
1266 3249 1531 3312 Jacobus
1570 3251 1658 3312 ait
1702 3253 2023 3332 apostolus
2057 3272 2071 3315 ε
2108 3252 2318 3316 Confi-

824 3348 1043 3410 temini
1087 3347 1461 3409 alterutrum
1508 3356 1761 3430 peccata
1802 3359 2032 3412 vestra.

900 3445 1211 3508 Debemus
1242 3464 1391 3527 ergo
1420 3447 1739 3509 Christum
1772 3447 2061 3511 confiteri
2101 3458 2316 3512 mente

816 3553 879 3607 et
926 3563 1057 3618 ore,
1092 3544 1221 3607 imo
1268 3553 1333 3606 et
1375 3563 1590 3627 opere,
1623 3565 1833 3608 coram
1882 3548 2153 3610 cunctis.
2189 3547 2316 3609 Ali-

820 3643 933 3726 qui
973 3661 1125 3707 vero
1162 3643 1291 3705 fide
1342 3643 1599 3706 informi
1639 3653 1701 3706 et
1738 3663 1847 3708 ore
1890 3645 2062 3707 inani
2102 3665 2312 3709 coram

824 3742 1127 3804 fidelibus
1164 3742 1481 3805 Christum
1523 3743 1859 3805 Dominum
1902 3745 2310 3815 confitentur,

554 3853 783 3904 ria-,ia
824 3842 934 3903 sed
975 3860 1167 3923 opere
1214 3849 1465 3922 negant,
1506 3841 1687 3922 juxta
1734 3842 1893 3906 illud
1928 3862 1944 3905 :
1978 3843 2209 3906 Dicunt
2248 3863 2315 3906 se

825 3958 1009 4003 nosse
1058 3939 1276 4015 Deum,
1329 3939 1511 4002 factis
1560 3948 1769 4002 autem
1822 3951 2071 4022 negant.
2112 3942 2315 4004 Factis

824 4038 1069 4120 quippe
1114 4039 1495 4118 (secundum
1544 4037 1855 4118 Glossam)
1901 4047 2085 4119 negat
2134 4040 2314 4102 Chri-

826 4144 1016 4211 stum,
1058 4137 1169 4218 qui
1208 4135 1349 4217 ejus
1388 4135 1783 4216 jussionibus
1827 4156 1953 4200 non
1996 4137 2231 4200 obedit.

2421 3157 2552 3237 jam
2583 3155 3052 3237 exponendum.
3077 3152 3210 3214 Non
3243 3151 3414 3213 enim
3445 3151 3536 3212 sic
3567 3148 3920 3228 intelligen-

2425 3257 2504 3317 da
2553 3262 2702 3315 sunt
2759 3253 2952 3315 verba
3001 3250 3544 3331 Evangelistarum
3595 3265 3912 3328 expressa,

2425 3352 2606 3433 quasi
2643 3359 2898 3434 peccata
2925 3351 3218 3432 quaedam
3258 3346 3546 3410 mortalia
3576 3347 3654 3407 de
3682 3344 3916 3425 quibus

2427 3451 2492 3512 in
2533 3451 2650 3512 hac
2689 3449 2819 3512 vita
2867 3449 3056 3511 homo
3095 3446 3403 3509 contritus
3453 3463 3578 3507 non
3627 3451 3744 3516 est,
3779 3450 3920 3524 post

2426 3550 2620 3613 vitam
2682 3549 2844 3610 hanc
2899 3547 3324 3618 dimittantur,
3374 3545 3462 3605 ita
3508 3543 3676 3624 quod
3733 3559 3920 3624 poena

2427 3647 2662 3710 inferni
2703 3647 3046 3727 aliquando
3082 3643 3382 3722 finiatur3
3424 3661 3542 3704 nec
3579 3659 3797 3702 rursus
3834 3640 3918 3701 ita

2427 3754 2578 3810 sunt
2617 3746 3045 3826 intelligenda,
3078 3742 3259 3824 quasi
3299 3742 3556 3822 aliquod
3593 3747 3916 3821 peccatum

2426 3844 2902 3927 quantumlibet
2947 3860 3138 3923 grave
3185 3841 3288 3913 sit,
3325 3840 3612 3903 absolute
3661 3838 3920 3919 loquen-

2429 3947 2529 4018 do,
2565 3943 2913 4006 viatoribus
2945 3939 3407 4014 irremissibile,
3441 3938 3594 4020 quia
3631 3944 3756 4000 tota
3787 3937 3918 3998 haec

2428 4044 2557 4106 vita
2595 4043 2698 4104 via
2739 4050 2836 4103 est
2875 4042 2953 4103 ad
2991 4041 3183 4102 vitam
3227 4038 3526 4110 futuram,
3561 4043 3624 4098 et
3661 4035 3724 4097 in
3764 4053 3916 4115 qua-

2426 4159 2702 4222 cumque
2749 4141 2901 4203 hora
2951 4137 3331 4219 ingemuerit
3381 4143 3670 4218 peccator
3707 4133 3922 4198 condi-

910 4236 1037 4304 Qui
1064 4243 1281 4294 autem
1308 4237 1641 4312 neqaverit
1672 4255 1769 4294 me
1796 4254 2011 4297 coram
2042 4239 2317 4298 homini·
2349 4240 2398 4301 D
2424 4259 2548 4321 gne
2589 4259 2666 4302 ex
2710 4240 2918 4314 corde,
2963 4238 3124 4298 Deus
3171 4235 3478 4315 indulget.

824 4337 957 4402 bus.
987 4333 1051 4394 id
1082 4339 1197 4406 est,
1232 4331 1425 4393 fidem
1460 4333 1892 4407 christianam,
1925 4351 2037 4394 seu
2069 4353 2194 4410 me,
2221 4357 2318 4399 co-

824 4451 957 4494 ram
986 4429 1500 4514 persecutoribus
1536 4430 1761 4492 timore
1794 4432 2067 4512 quodam
2102 4436 2316 4498 verbis

822 4529 1179 4612 negaverit:
1210 4536 1321 4591 aut
1350 4527 1553 4603 raetis,
1590 4531 1907 4610 peccando
1942 4533 2310 4608 mortaliter,

822 4647 1058 4710 negans
1100 4645 1203 4689 me
1246 4625 1475 4706 fuerit3
1506 4630 1927 4704 deneyabt‘tur
1955 4650 2166 4692 coram
2199 4655 2316 4694 an-

818 4729 981 4804 ρεῑίε
1010 4728 1155 4794 Dei,
1186 4726 1250 4788 id
1299 4733 1415 4800 est,
1448 4743 1565 4806 ego
1611 4727 1897 4789 omnium
1936 4728 2131 4809 judex
2174 4750 2316 4812 pro-

822 4825 1118 4899 testabor,
1158 4831 1283 4885 tam
1332 4824 1397 4885 in
1450 4824 1811 4906 particulari
1863 4825 2003 4906 ejus
2046 4827 2310 4906 judicio,

822 4942 1016 5005 quam
1075 4922 1139 4984 in
1186 4921 1465 5002 generali
1524 4921 1813 4984 omnium
1870 4923 2133 5004 judicio,
2189 4945 2312 4988 non

824 5021 1143 5104 pertinere
1190 5039 1338 5082 eum
1386 5021 1464 5082 ad
1512 5039 1615 5082 me
1663 5039 1777 5103 per
1826 5023 2319 5103 praedestinatio-

823 5137 969 5182 nem
1006 5127 1071 5181 et
1118 5119 1442 5180 meritum.
1476 5117 1649 5190 Quod
1698 5119 2180 5202 intelligendum
2221 5132 2318 5185 est

824 5220 903 5280 de
942 5217 1169 5280 Christi
1223 5216 1553 5298 negatione
1596 5215 1799 5289 finali,
1834 5219 1911 5280 de
1957 5239 2085 5302 qua
2128 5221 2316 5286 homo

823 5323 969 5377 ante
1018 5322 1283 5378 mortem
1336 5333 1457 5376 non
1514 5315 1795 5396 poenitet,
1830 5335 1953 5380 non
2005 5319 2083 5379 de
2132 5337 2316 5399 nega-

2505 4339 2702 4420 lgitur
2741 4338 2860 4398 iste
2898 4345 2994 4398 cst
3033 4353 3258 4396 sensus
3293 4353 3308 4395 :
3345 4335 3568 4396 Omnis
3605 4333 3723 4410 qui
3757 4333 3918 4392 dicit

2429 4441 2689 4498 verbum
2729 4439 2798 4496 in
2833 4437 3086 4498 Filium
3125 4433 3432 4499 hominia,
3467 4430 3528 4492 id
3571 4437 3685 4504 est,
3729 4447 3918 4511 opera

2427 4535 2654 4599 Christi
2699 4535 2977 4596 humana
3025 4529 3560 4612 blasphemaverit
3601 4546 3676 4590 ex
3716 4527 3920 4590 consi-

2427 4634 2749 4696 deratione
2779 4631 3084 4694 naturalis
3115 4625 3613 4710 imperfectionis
3645 4645 3776 4688 suae
3803 4625 3919 4687 hu-

2427 4732 2767 4806 manitatiS,
2821 4731 2988 4792 sicut
3043 4729 3334 4790 fecerunt
3386 4724 3580 4788 Judaei
3639 4725 3916 4787 dicentes

2425 4832 2502 4892 de
2551 4831 2798 4894 Christo
2851 4848 2864 4890 :

2425 5045 2501 5087 ex
2543 5044 2610 5088 se
2653 5046 2906 5088 causam
2957 5024 3148 5087 habet
3195 5019 3734 5092 remissibilitatiS,
3767 5019 3918 5100 quia

2425 5124 2891 5205 quodammodo
2949 5120 3448 5185 excusabilitatis
3505 5117 3747 5199 aliquid
3807 5116 3915 5177 ha-

2427 5222 2550 5296 bet,
2572 5230 2828 5304 propter
2858 5220 3212 5284 naturalem
3242 5217 3786 5281 defectuositatem
3819 5233 3919 5276 na-

2427 5329 2584 5384 turae
2616 5327 2858 5384 creatae.
2885 5319 2994 5380 Vel
3028 5319 3120 5382 sic
3154 5337 3168 5379 :
3203 5316 3419 5379 Omnis
3459 5315 3571 5396 qui
3604 5314 3752 5377 dicit
3785 5331 3917 5375 ver-

4053 886 4124 942 {0

2925 4828 3124 4891 Homo
3182 4845 3394 4899 vorax,
3457 4832 3702 4907 potator
3759 4821 3912 4897 vini,
3971 4843 4222 4891 unumst

2425 4929 2666 4991 amicus
2698 4935 3135 5010 peccatorum3
3169 4926 3532 4984 remittetur
3559 4923 3690 4990 illi,
3713 4919 3775 4981 id
3803 4928 3918 4994 est,
3949 4909 4012 4949 ¹⁹·
