4300 6259
54 2360 197 2396 nvn,
218 2348 275 2388 51
286 2377 301 2388 .

1196 520 1547 569 mammo
1588 521 1651 567 m
1693 520 1830 583 (ΞᾼΡ.
1877 518 2033 567 xxm
2072 518 2262 567 LUGAE.
2307 540 2388 551 -—
2428 521 2570 568 ΛΒΤ.
2617 522 2760 569 xux

3407 500 3529 567 245

406 692 589 756 istud
626 692 749 755 sub
788 692 1061 773 imperio
1092 690 1329 752 Tiberii
1368 688 1707 771 contigisse
1742 707 1756 752 ε
1791 707 1918 752 non
1951 685 2003 747 A
2032 688 2233 752 sonali
2293 706 2431 752 esse
2480 689 2666 753 Verbi
2715 691 2932 755 aeterni
2993 711 3108 753 sua
3166 690 3526 755 humanitas

404 798 633 854 tamen
691 790 919 855 scribit
974 790 1193 852 lunam
1246 789 1446 851 fuisse
1498 789 1775 871 plenam.
1808 787 1922 851 Po-

402 898 679 963 stremo,
716 890 769 951 si
816 890 987 971 quod
1028 889 1094 950 in
1136 896 1313 950 textu
1354 887 1645 961 habetur,
1679 886 1747 947 ln
1782 886 1922 947 uni-

400 1006 601 1053 versa
642 997 829 1063 terra,
864 987 1257 1068 intelligatur
1294 987 1371 1049 de
1420 994 1547 1049 tota
1585 984 1917 1047 habitabili

404 1094 605 1161 terra,
660 1106 787 1151 non
838 1086 1047 1170 potuit
1102 1084 1250 1147 fieri
1306 1102 1421 1167 per
1468 1083 1637 1146 lunae
1686 1102 1922 1166 suppo-

400 1186 719 1249 sitionem
775 1186 1123 1257 dumtaxat,
1176 1189 1437 1265 propter
1485 1181 1654 1244 lunae
1711 1181 1920 1264 parvi-

404 1292 661 1365 tatem3
714 1285 827 1347 sed
884 1291 1037 1345 tunc
1094 1281 1421 1345 addendus
1468 1287 1636 1342 esset
1693 1280 1917 1343 modus

401 1390 757 1465 praetactus
799 1380 1085 1463 Origenis
1128 1380 1265 1443 sive
1305 1378 1694 1461 Hieronymi.

493 1481 823 1555 Praeterea,
858 1480 1024 1543 sicut
1062 1477 1259 1541 refert
1300 1477 1742 1559 HieronymuS,
1776 1476 1920 1557 qui-

400 1582 561 1643 dam
622 1586 841 1642 contra
888 1576 1305 1658 Evangelium
1354 1574 1584 1639 Christi
1636 1574 1919 1637 scriben-

396 1686 531 1751 τος,
565 1679 867 1740 dixerunt
902 1676 1106 1740 solem
1148 1682 1298 1738 tunc
1338 1672 1625 1736 naturale
1672 1672 1917 1754 aliquid

396 1776 821 1850 sustinuisse,
851 1775 1027 1857 quod
1074 1772 1377 1855 discipuli
1414 1773 1561 1834 Jesu
1601 1789 1677 1834 ex
1717 1771 1919 1853 impe—

2030 786 2228 848 fuerit
2275 795 2593 869 separata3
2628 791 2738 852 sed
2785 788 2938 871 quia
2989 788 3164 851 nulla
3214 808 3327 872 pro
3375 796 3528 851 tunc

2031 883 2229 947 fiebat
2287 886 2702 949 redundantia
2761 887 3209 952 consolationis
3257 906 3294 949 a
3340 904 3530 969 supe-

2030 984 2184 1047 riori
2245 992 2422 1065 parte
2481 986 2713 1049 animae
2770 1005 2900 1048 suae
2958 986 3024 1047 in
3085 993 3328 1068 partem
3387 985 3527 1066 ejus

2030 1081 2423 1161 inferiorem,
2487 1103 2985 1166 corporeamque
3052 1091 3364 1147 naturam.
3426 1083 3530 1147 Sic

2028 1188 2241 1242 autem
2272 1199 2397 1244 non
2429 1179 2553 1243 fuit
2589 1182 2655 1243 in
2687 1182 2919 1245 sanctis
2952 1182 3351 1264 martyribus
3377 1200 3531 1263 quo-

2029 1298 2172 1341 rum
2223 1279 2409 1341 multi
2461 1282 2728 1343 durante
2777 1300 3000 1343 eorum
3051 1282 3345 1363 passione
3395 1289 3530 1343 tan-

2030 1386 2156 1440 tam
2210 1376 2374 1439 intra
2411 1396 2480 1440 se
2518 1380 3012 1443 consolationem
3063 1386 3422 1454 senserunt,
3458 1387 3529 1442 ut

2029 1475 2408 1539 exteriorem
2469 1476 2575 1539 vix
2643 1478 2952 1540 sentirent
2977 1478 3322 1545 ,dolorem
3383 1478 3528 1541 Ideo

2027 1572 2288 1655 quoque
2345 1593 2412 1638 se
2473 1576 2770 1641 clamavit
2826 1577 3144 1651 relictum,
3189 1575 3342 1657 quia
3397 1583 3526 1638 tam

2024 1673 2304 1754 graviter
2351 1673 2726 1756 patiebatur,
2763 1674 2982 1757 sicque
3031 1674 3356 1757 expositus
3403 1672 3529 1736 fuit

2029 1772 2336 1835 voluntati
2385 1772 2856 1848 sceleratorum,
2899 1793 2972 1837 ac
3021 1773 3074 1835 si
3125 1781 3418 1856 peccator
3465 1780 3529 1835 et

396 1875 583 1953 ritia‚
636 1881 898 1958 propter
956 1872 1317 1955 passionem
1372 1870 1519 1933 Jesu
1577 1870 1915 1950 contigisse
1952 1870 1999 1932 B
2026 1891 2063 1934 a
2099 1871 2226 1936 Deo
2265 1880 2666 1954 contemptus
2707 1872 2948 1950 fuisset,
2986 1873 3524 1955 quemadmodum

397 1974 737 2037 dixerunt.
792 1971 967 2045 Quod
1026 1989 1221 2052 quam
1278 1968 1513 2031 falsum
1569 1976 1633 2031 et
1688 1967 1915 2031 fictum

398 2074 521 2147 sit,
566 2078 739 2155 patet
782 2089 859 2133 ex
904 2070 1115 2134 dictis.

508 2174 594 2233 Et
636 2174 855 2231 velum
905 2170 1129 2246 templi
1170 2168 1441 2229 scissum
1488 2175 1578 2225 est
1627 2184 1741 2247 per
1790 2186 1919 2227 me-

396 2269 628 2339 dium,
682 2268 747 2329 id
804 2274 904 2329 est
958 2266 1026 2327 in
1076 2266 1230 2327 duas
1291 2270 1523 2346 partes,
1574 2282 1611 2324 a
1665 2282 1917 2325 summo

398 2366 557 2447 ejus
590 2383 796 2447 usque
825 2366 1144 2437 deorsum,
1181 2368 1249 2424 ut
1278 2362 1368 2423 ait
1394 2360 1741 2424 Matthaeus.
1776 2360 1919 2423 Fuit

393 2474 627 2528 autem
678 2463 917 2546 duplex
965 2462 1179 2525 velum
1230 2460 1454 2542 templi
1506 2468 1657 2523 tunc
1708 2460 1775 2522 in
1821 2460 1919 2522 Je-

395 2564 693 2627 rusalem
724 2560 1089 2624 exsistentis
1124 2578 1137 2623 :
1174 2578 1375 2622 unum
1406 2558 1685 2621 exterius
1724 2558 1791 2620 in
1824 2559 1918 2620 in-

394 2662 609 2725 troitu
658 2659 907 2742 templi,
958 2659 1132 2741 quod
1179 2657 1503 2737 Remigius
1554 2665 1709 2719 tunc
1757 2656 1918 2719 divi-

394 2779 558 2823 sum
612 2766 917 2839 testatur3
965 2757 1139 2819 aliud
1189 2756 1459 2818 interius
1510 2755 1574 2816 in
1626 2755 1916 2835 ingressu

392 2858 627 2923 Sancti
692 2864 1083 2931 sanctorum,
1144 2855 1319 2936 quod
1374 2853 1435 2916 S.
1496 2852 1915 2936 Hieronymus

393 2957 689 3021 scissum
724 2954 979 3018 effatur.
1014 2954 1129 3016 Per
1158 2952 1285 3018 veli
1322 2960 1535 3015 autem
1574 2952 1916 3015 scissuram

108 2280 311 2325 Mami.

2024 1970 2106 2033 ab
2168 1970 2326 2031 Isaia
2387 1970 2511 2033 fuit
2575 1972 2948 2053 praedictum
3010 1990 3024 2034 :
3086 1970 3207 2035 Nos
3273 1971 3525 2053 putavi·
3568 1981 3633 2026 1⁸·
3653 1995 3735 2033 uu,
3758 1983 3801 2026 ⁴·

2026 2088 2170 2131 mus
2225 2086 2372 2131 eum
2429 2070 2612 2151 quasi
2669 2070 2990 2152 leprosum
3035 2077 3098 2133 et
3148 2088 3524 2152 percussum

2025 2186 2062 2229 a
2096 2167 2220 2230 Deo
2260 2175 2322 2229 et
2359 2168 2790 2230 humiliatum.
2830 2167 2899 2230 Et
2929 2167 3216 2232 Christus
3260 2168 3324 2231 in
3364 2168 3527 2231 Psal-

2027 2284 2131 2333 mo
2179 2266 2268 2328 ait
2313 2268 2392 2329 ad
2441 2267 2686 2329 Patrem
2732 2286 2745 2330 :
2790 2266 2994 2350 Super
3037 2285 3139 2329 me
3189 2266 3528 2330 confirma-
3557 2289 3818 2337 esuum,

2026 2371 2128 2426 tus
2167 2372 2262 2427 est
2299 2364 2478 2429 furor
2515 2374 2700 2445 tuus3
2735 2373 2797 2428 et
2835 2384 3056 2429 omnes
3099 2364 3338 2428 fluetus
3383 2373 3526 2430 tuos
3555 2352 3597 2395 ⁸·

2003 2463 2334 2525 induxisti
2383 2482 2577 2547 super
2617 2484 2742 2527 me.
2779 2465 2955 2528 Tunc
2991 2464 3187 2540 enim,
3223 2472 3294 2527 ut
3337 2464 3526 2528 lsaias

2028 2560 2342 2641 praedixit,
2394 2561 2698 2624 Dominus
2746 2561 2948 2625 voluit
3003 2580 3152 2624 eum
3201 2568 3527 2627 conterere
3555 2581 3817 2635 numm.

2027 2658 2093 2721 in
2139 2658 2538 2723 infirmitate.

2105 2757 2373 2840 Insuper
2420 2758 2509 2820 ait
2553 2757 2876 2822 Matthaeus
2931 2778 2944 2822 ε
2999 2759 3264 2833 Quidam
3313 2768 3524 2822 autem
3607 2778 3775 2824 uana.

2029 2856 2161 2919 illic
2211 2862 2468 2931 stantes,
2521 2866 2584 2919 et
2628 2857 2980 2933 audientes,
3033 2858 3278 2921 scilicet
3324 2844 3780 2940 quali-‘¹¹'¹¹·⁴⁷·

2026 2961 2122 3017 ter
2170 2954 2350 3016 Jesus
2409 2955 2763 3030 clamasset,
2817 2953 2934 3030 Eli,
2987 2954 3107 3031 Eli,
3161 2956 3459 3019 dicebant
3511 2975 3525 3019 :

392 3054 922 3137 significabatur,
968 3054 1139 3134 quod
1189 3050 1511 3134 mysteria,
1563 3069 1919 3114 sacramen—
1950 3051 1995 3115 C
2028 3052 2230 3115 Eliam
2261 3060 2444 3116 vocat
2474 3053 2614 3115 iste.
2650 3052 2806 3117 Istos
2835 3054 3038 3136 aliqui
3081 3054 3301 3117 dicunt
3331 3054 3533 3117 fuisse

392 3166 477 3219 ta
518 3162 581 3217 et
618 3153 845 3235 figurae
883 3151 1115 3215 veteris
1155 3150 1537 3212 Testamenti
1579 3151 1644 3211 in
1687 3149 1916 3213 Christi

392 3253 719 3338 passione
762 3250 1027 3333 impleta
1064 3256 1276 3311 essent
1322 3266 1397 3310 ac
1440 3247 1769 3330 patefacta.
1804 3248 1918 3311 Re-

392 3352 545 3415 fert
581 3367 841 3431 quoque
878 3348 1299 3429 Hieronymus
1346 3364 1413 3408 se
1462 3346 1712 3427 legisse,
1745 3348 1919 3428 quod

390 3449 911 3532 superliminare
960 3446 1181 3529 templi
1231 3452 1386 3507 tunc
1438 3444 1709 3507 scissum
1758 3445 1919 3507 divi-

390 3566 695 3630 sumque
742 3546 887 3609 fuit.
921 3546 1044 3608 Sed
1092 3551 1156 3606 et
1192 3542 1504 3625 Josephus
1552 3543 1639 3605 ait
1679 3543 1919 3624 angeli-

390 3668 523 3713 cas
576 3653 936 3729 potestateS,
968 3662 1117 3725 quae
1162 3659 1365 3723 usque
1413 3648 1566 3703 tunc
1616 3641 1916 3723 praesides

389 3754 479 3811 et
527 3744 821 3808 custodes
868 3740 1093 3824 templi
1142 3740 1424 3815 fuerunt,
1479 3746 1632 3802 tunc
1682 3740 1918 3822 pariter

389 3842 847 3910 conclamasse
880 3860 894 3903 ε
929 3840 1346 3903 Transeamus
1384 3856 1461 3901 ex
1493 3838 1591 3900 his
1632 3838 1912 3901 sedibus.

386 3943 597 4018 Quod
626 3948 836 4003 autem
863 3939 1065 4001 Lucas
1096 3938 1201 4000 hic
1238 3936 1462 4000 scribit
1491 3938 1569 3999 de
1600 3938 1724 3999 veli
1765 3937 1919 4000 scis-

386 4044 623 4113 sione,
676 4056 789 4122 per
835 4036 1355 4119 anticipationem
1412 4036 1711 4109 narravit,
1765 4036 1917 4118 quia

68 4170 351 4222 masam.
392 4148 489 4206 ut
516 4138 842 4201 Matthaeus
871 4134 1269 4218 apertissime
1310 4134 1485 4209 dicit,
1521 4135 1731 4197 velum
1764 4135 1919 4197 scis-

2024 3152 2318 3235 gentiles,
2369 3172 2494 3216 non
2548 3153 2974 3235 intelligentes
3033 3154 3316 3237 perfecte
3373 3154 3535 3218 idio-

2028 3270 2131 3313 ma
2162 3250 2520 3325 Hebraeum,
2545 3251 2688 3313 ideo
2719 3269 2834 3333 per
2867 3251 2958 3313 Eli
2992 3252 3302 3335 putabant
3329 3252 3534 3315 Eliam

2029 3349 2269 3429 notari;
2303 3356 2364 3412 et
2404 3350 2556 3430 quia
2597 3350 2762 3412 inter
2798 3350 3044 3414 Judaeos
3096 3351 3528 3428 morabantur,

2028 3454 2318 3531 poterant
2347 3447 2595 3529 aliquid
2633 3448 2796 3511 scire
2836 3450 2914 3511 de
2953 3448 3110 3511 Elia.
3144 3448 3268 3511 Alii
3311 3450 3535 3513 dicunt

2027 3547 2199 3628 quod
2257 3546 2519 3608 fuerunt
2574 3545 2794 3621 Judaei,
2859 3547 2971 3630 qui
3033 3548 3177 3611 ideo
3234 3547 3536 3610 dixerunt

2028 3644 2350 3707 Christum
2393 3646 2690 3708 invocare
2728 3644 2955 3721 Eliam‚
2992 3654 3061 3708 ut
3108 3665 3257 3709 eum
3299 3647 3376 3709 de
3415 3648 3534 3709 im-

2026 3742 2374 3806 becillitate
2431 3742 2860 3819 diffamarent,
2913 3763 2988 3808 eo
3045 3746 3218 3827 quod
3265 3745 3345 3807 ab
3395 3744 3532 3809 Elia

2029 3849 2272 3925 peteret
2320 3860 2532 3924 opem,
2567 3842 2678 3923 qui
2731 3842 2921 3924 paulo
2971 3849 3118 3905 ante
3167 3862 3234 3905 se
3283 3843 3390 3905 Dei
3433 3844 3528 3907 Fi-

2029 3941 2190 4003 lium
2241 3940 2610 4003 nominavit.
2665 3940 2900 4003 Deinde
2945 3942 3123 4004 Jesus
3172 3942 3334 4005 dixit
3377 3962 3390 4005 :
3434 3942 3528 4005 Si·
3569 3968 3818 4016 Joannm,

2027 4039 2135 4103 tio.
2173 4039 2248 4102 Et
2284 4039 2585 4103 continuo
2624 4056 2886 4102 currens
2930 4059 3094 4102 unus
3135 4058 3213 4103 ex
3256 4041 3370 4115 eiS,
3406 4042 3527 4104 sci-
3553 4032 3623 4075 ²⁸·

2025 4139 2177 4202 lieet
2232 4137 2412 4200 Pilati
2474 4138 2805 4212 ministris,
2861 4146 2929 4201 ut
2987 4139 3241 4214 dieitur,
3293 4091 3814 4209 obtuntnssffss‘sss‘ia

392 4258 565 4305 sum
601 4235 723 4298 fuit
753 4235 821 4297 in
862 4241 1064 4298 morte
1104 4232 1333 4297 Christi
1373 4251 1577 4313 quum
1616 4233 1917 4316 spiritum
1948 4236 1998 4298 D
2026 4238 2085 4300 ei
2138 4244 2411 4299 acetum.
2465 4236 2669 4299 Ceteri
2725 4255 2875 4300 vero
2935 4237 3230 4300 dicebant
3286 4256 3300 4301 :
3351 4236 3522 4316 Sine,

392 4337 719 4403 traderet.

498 4433 809 4513 Denique,
846 4430 1198 4493 secundum
1248 4427 1605 4492 Matthaeum
1654 4436 1717 4491 et
1761 4429 1918 4493 Mar-

109 4556 236 4600 ma.
264 4558 351 4605 ως
393 4553 597 4606 eum,
630 4530 797 4593 circa
844 4530 1066 4592 horam
1116 4546 1346 4591 nonam
1396 4527 1692 4590 clamavit
1739 4529 1917 4592 Jesus

72 4622 227 4728 ἔξω·
272 4632 357 4669 ”’
398 4649 585 4697 voce
622 4646 870 4710 magna,
912 4626 1133 4689 dicens
1167 4644 1180 4687 :
1228 4625 1343 4700 Eli,
1387 4624 1507 4700 Eli,
1548 4626 1783 4689 lamma
1822 4647 1921 4689 sa-

127 4715 140 4727 ’
394 4725 757 4796 baethanii
790 4726 909 4788 hoc
938 4732 1055 4799 est,
1086 4723 1251 4785 Deus
1282 4742 1483 4798 meuS,
1516 4723 1680 4787 Deus
1712 4744 1913 4802 meus,

398 4838 492 4894 ut
530 4826 694 4909 quid
737 4822 1135 4905 dereliquisti
1175 4826 1319 4884 me?
1349 4822 1479 4887 Hoc
1518 4831 1730 4886 autem
1778 4844 1921 4907 pro-

395 4927 575 4993 tulit
611 4923 897 4988 Christus
945 4922 1014 4984 in
1056 4928 1366 5003 quantum
1417 4921 1629 4997 hom0‚
1665 4942 1791 4987 non
1842 4942 1917 4987 ex

398 5021 847 5107 impatientia,
898 5022 1009 5083 sed
1055 5020 1133 5082 ad
1188 5020 1640 5083 insinuandum
1697 5022 1923 5084 ineffa-

399 5125 623 5189 bilem
671 5118 1081 5183 acerbitatem
1134 5136 1466 5200 poenarum
1514 5139 1795 5183 suarum.
1846 5120 1922 5182 Et

404 5222 807 5291 derelictum
856 5237 923 5282 se
963 5217 1123 5281 dixit
1160 5237 1199 5280 a
1234 5218 1379 5293 Deo,
1416 5238 1541 5281 non
1582 5221 1753 5301 quod
1795 5221 1923 5304 pri-

408 5328 609 5389 vatus
662 5326 830 5383 esset
873 5316 1075 5399 gratia
1120 5324 1229 5378 aut
1273 5316 1495 5397 gloria,
1548 5324 1656 5379 aut
1701 5337 1738 5380 a
1784 5337 1927 5401 per-

2028 4336 2092 4398 id
2142 4342 2258 4409 est,
2293 4334 2537 4397 sustine
2585 4334 2910 4417 paulisper
2958 4343 3021 4397 et
3068 4346 3367 4420 exspecta
3412 4356 3524 4400 seu

2029 4452 2226 4507 cessa,
2280 4431 2609 4495 videamus
2658 4433 2711 4495 si
2762 4433 2976 4497 veniat
3022 4433 3190 4497 Elias
3248 4435 3527 4499 liberans

2028 4550 2199 4594 eum.
2237 4530 2362 4594 Hoc
2409 4539 2621 4594 autem
2669 4551 2797 4596 non
2849 4530 3251 4609 confidendo,
3287 4535 3396 4597 sed
3445 4535 3530 4597 ir-

2030 4631 2295 4693 ridendo
2344 4630 2644 4693 dixerunt
2690 4650 2704 4695 :
2752 4631 2934 4712 quasi
2985 4632 3219 4708 dicant,
3275 4633 3529 4698 Frustra

2030 4729 2350 4793 invocavit
2383 4728 2602 4792 Eliam.
2637 4729 2841 4803 Quum
2877 4748 3026 4812 ergo
3063 4732 3412 4814 accepisset
3435 4734 3527 4797 Je-
3565 4764 3814 4815 mmm,

2030 4848 2138 4891 sus
2186 4835 2456 4903 acetum,
2501 4828 2659 4890 dixit
2693 4848 2707 4892 :
2743 4828 3260 4893 consummatum
3311 4840 3426 4909 est,
3461 4833 3526 4896 id
3553 4831 3621 4873 ³⁰·

2030 4935 2146 5003 est,
2179 4946 2324 5010 quae
2355 4928 2433 4990 de
2473 4946 2611 4990 mea
2642 4928 2934 5010 passione
2972 4932 3397 5011 praenuntiata
3427 4932 3530 4995 fu-

2031 5033 2240 5101 erunt,
2283 5033 2345 5088 et
2393 5045 2537 5107 quae
2587 5045 2702 5108 pro
2749 5025 3118 5090 hominihus
3164 5027 3374 5093 facere
3421 5051 3530 5114 pa-

2032 5125 2211 5206 tique
2261 5123 2474 5201 debui,
2521 5124 2781 5206 impleta
2831 5133 3014 5206 sunt3
3053 5144 3170 5189 nec
3217 5128 3391 5191 aliud
3439 5149 3531 5193 re-

2033 5228 2175 5295 stat,
2211 5222 2333 5284 nisi
2369 5230 2437 5285 ut
2475 5222 2774 5304 spiritum
2815 5240 3030 5285 meum
3060 5223 3221 5287 Patri
3262 5224 3530 5291 offeram

2035 5328 2097 5381 et
2138 5320 2446 5382 emittam.
