4300 6259
47 890 107 935 18.
127 905 171 933 xv

23 1086 300 1137 laelandi.

57 3076 117 3119 Ic.
136 3093 248 3133 και,
261 3082 306 3124 8.

43 3266 76 3309 ll
87 3268 304 3319 Corsis.

56 4620 114 4660 ¹⁰.

1119 516 1467 563 malumno
1512 516 1574 563 IN
1616 516 1753 563 GAP.
1799 518 1864 564 lx
1905 517 2183 565 somnis.
2228 538 2309 549 —-
2349 521 2492 567 ART-
2539 523 2687 568 xxtv

3332 502 3453 569 449

337 691 626 765 sumpta,
661 692 967 767 tanquam
1005 687 1099 751 301
1140 687 1578 769 intelligentiae
1626 688 1848 769 solque
1879 688 1926 749 A
1957 690 2395 753 ascensionem
2454 691 2643 754 desiit
2699 710 2836 754 esse
2895 692 3004 753 lux
3062 692 3449 755 hominum?

332 779 631 861 justitiae,
684 782 837 847 fecit
888 785 1056 847 diem
1107 786 1403 868 specialis
1451 786 1668 867 gratiae
1715 787 1848 868 spi<

178 893 266 942 ,2-
337 879 666 943 ritualem.
713 882 798 944 De
837 902 965 964 qua
1015 884 1118 946 die
1169 884 1453 965 loquitur
1503 885 1689 946 Isaias
1725 904 1738 947 :
1779 885 1846 946 In

335 977 451 1039 die
499 977 610 1040 illa
657 981 781 1042 erit
825 999 1087 1061 germen
1131 982 1383 1045 Domini
1430 983 1495 1045 in
1542 983 1742 1063 gloria
1786 990 1850 1045 et

337 1075 878 1159 magnificentia3
933 1088 996 1141 et
1047 1080 1396 1157 ZachariaS,
1451 1080 1518 1143 In
1577 1081 1680 1143 die
1739 1081 1848 1143 illa

334 1174 848 1257 applicabuntur
874 1186 1095 1259 gentes
1128 1180 1345 1242 multae
1373 1180 1449 1241 ad
1481 1178 1842 1241 Dominum.

337 1272 490 1335 Dies
537 1274 658 1336 ista
705 1277 1061 1357 praesertim
1105 1278 1394 1340 consistit
1438 1278 1502 1339 in
1548 1278 1847 1341 cordibus

336 1371 569 1436 divino
635 1373 883 1436 lumine
952 1374 1304 1450 illustratiS,
1367 1376 1748 1458 duravitque
1812 1395 1849 1439 a

335 1468 580 1533 Christi
640 1473 970 1536 nativitate
1028 1493 1233 1555 usque
1289 1476 1367 1537 ad
1426 1474 1566 1556 ejus
1625 1493 1846 1537 ascen-

337 1567 619 1631 sionem.

422 1666 683 1742 Verum,
747 1669 1052 1750 quoniam
1112 1669 1396 1733 Christus
1457 1672 1648 1734 etiam
1707 1680 1849 1753 post

334 1766 787 1833 ascensionem
835 1768 1219 1850 operabatur
1267 1788 1428 1852 opus
1478 1777 1706 1833 nostrae
1754 1789 1849 1831 sa-

1955 786 2089 849 Non
2135 788 2380 869 utique,
2422 790 2724 871 quoniam
2775 790 2913 872 ipse
2960 790 3047 851 ait
3092 791 3261 872 apud
3303 790 3451 851 Mat-

1956 886 2192 948 ·thaeum
2240 906 2253 949 ε
2308 887 2463 950 Εο00
2513 907 2627 969 ego
2676 888 3007 951 vobiscum
3056 908 3197 951 sum
3246 889 3450 952 omn-i-

1955 984 2075 1045 bus
2135 985 2360 1047 diebus
2422 1004 2625 1067 usque
2691 988 2767 1049 ad
2838 988 3447 1051 consummationem

1957 1083 2193 1144 saeculi.
2228 1082 2335 1146 Est
2376 1092 2589 1146 autem
2620 1084 2904 1147 Christus
2944 1085 3010 1145 in
3052 1085 3171 1147 hoc
3210 1087 3449 1148 mundo

1957 1179 2245 1244 inferiori
2278 1189 2338 1243 et
2369 1201 2515 1244 cum
2547 1181 2873 1257 fidelibus,
2910 1201 3024 1266 per
3054 1183 3449 1263 majestatem

1955 1278 2227 1354 deitatis,
2273 1298 2385 1361 per
2424 1279 2899 1343 Sacramentum
2945 1282 3187 1363 proprii
3232 1300 3452 1363 corpo-

1957 1378 2044 1439 ris
2103 1385 2167 1439 et
2224 1380 2573 1459 sanguinis,
2629 1386 2821 1461 atque
2880 1396 2994 1461 per
3050 1380 3450 1461 spiritualem

1958 1476 2481 1540 inhabitatIOnem
2535 1497 2663 1559 qua
2720 1485 2964 1539 mentes
3022 1480 3278 1543 devotas
3336 1496 3452 1561 per

1957 1575 2280 1638 caritatem
2320 1586 2382 1638 et
2421 1584 2628 1639 cetera
2663 1577 2881 1657 gratiae
2918 1578 3082 1640 dona
3112 1577 3445 1638 inhabitat.

1959 1674 2263 1755 Denique,
2308 1682 2450 1755 post
2486 1675 2924 1737 ascensionem
2973 1676 3169 1755 magis
3214 1674 3451 1737 illumi-

1956 1773 2134 1834 navit
2175 1774 2485 1834 mundum
2526 1792 2717 1854 quam
2759 1780 2925 1847 ante,
2961 1781 3089 1835 tam
3118 1772 3450 1854 Apostolos

338 1863 521 1939 lutis,
575 1865 886 1929 mittendo
944 1866 1357 1942 Paracletum,
1411 1875 1472 1929 et
1522 1886 1635 1950 per
1681 1867 1848 1950 Apo—
1882 1872 1930 1935 B
1957 1889 2149 1952 quam
2182 1870 2337 1934 alios
2370 1889 2485 1952 per
2514 1870 2867 1953 Apostolos.
2898 1870 3064 1932 Dixit
3092 1871 3263 1933 enim
3295 1870 3454 1954 Apo-

336 1962 541 2026 stolos
578 1963 872 2029 faciendo
915 1967 1242 2043 miracula,
1280 1967 1410 2031 imo
1449 1986 1562 2049 per
1601 1986 1708 2031 eos
1749 1986 1850 2029 ce-

339 2070 648 2145 terosque
714 2064 1064 2147 discipulos
1125 2074 1318 2147 atque
1374 2066 1643 2129 vicarios
1701 2086 1848 2131 suos

339 2161 584 2224 multos
631 2162 1056 2228 illuminando
1095 2173 1158 2226 et
1197 2167 1644 2239 convertendO,
1678 2167 1850 2247 quod

339 2267 408 2322 et
459 2280 635 2324 nunc
681 2263 833 2343 agit,
877 2271 943 2325 et
989 2282 1194 2345 usque
1246 2263 1463 2327 saeculi
1514 2263 1711 2325 l'inem
1762 2264 1852 2325 fa-

339 2367 566 2422 cturus
598 2369 733 2441 est3
768 2362 911 2425 ideo
950 2370 1160 2444 potest
1196 2363 1316 2425 hoc
1345 2364 1534 2425 modo
1564 2363 1796 2444 exponi
1832 2382 1846 2426 :

339 2461 452 2519 Me
479 2468 725 2536 oportet
752 2463 1013 2537 operari
1042 2480 1235 2538 opera
1263 2463 1407 2543 ejus
1436 2464 1554 2541 qui
1591 2483 1691 2523 me
1731 2464 1854 2523 mi-

336 2559 451 2628 sit,
487 2558 608 2621 hoc
647 2566 745 2620 est
783 2560 1036 2623 miseris
1077 2559 1442 2634 subvenire,
1489 2567 1850 2642 peccatores

339 2664 740 2731 convertere,
793 2656 1056 2719 infirma
1114 2677 1358 2733 sanare,
1412 2658 1648 2721 debilia
1706 2678 1854 2722 con-

340 2752 605 2828 fortare,
653 2754 888 2819 electos
938 2756 1280 2831 custodire,
1327 2759 1526 2817 donec
1563 2758 1700 2818 dies
1736 2766 1851 2828 est,

341 2852 470 2914 hoc
519 2860 617 2915 est
659 2854 928 2915 durante
973 2861 1262 2936 tempore
1303 2855 1521 2935 gratiae
1565 2872 1678 2917 seu
1724 2856 1854 2918 vita

341 2952 647 3032 praesenti
682 2952 802 3014 sub
833 2953 1198 3034 evangelica
1228 2953 1386 3035 lege.
1423 2953 1508 3015 De
1537 2974 1666 3035 quo
1699 2962 1852 3017 tem-

1959 1968 2136 2031 stolis
2187 1976 2333 2032 ante
2381 1970 2737 2051 passionem
2784 1988 2797 2033 :
2842 1968 3110 2051 Expedit
3154 1970 3333 2033 vobis
3384 1979 3455 2033 ut

1958 2085 2072 2148 ego
2103 2068 2349 2131 vadam.
2385 2067 2448 2129 Si
2480 2068 2651 2130 enim
2685 2086 2811 2131 non
2840 2067 3074 2143 abiero,
3098 2067 3452 2131 Paracletus

1959 2184 2086 2229 non
2128 2166 2340 2228 veniet
2380 2167 2456 2228 ad
2502 2185 2652 2246 vos3
2695 2166 2747 2228 si
2786 2174 3000 2228 autem
3039 2166 3276 2241 abiero,
3311 2168 3457 2231 mit-

1961 2272 2086 2326 tam
2126 2282 2275 2326 eum
2318 2265 2397 2326 ad
2440 2283 2572 2327 vos.
2618 2264 2777 2326 Ante
2818 2263 3251 2328 ascensionem
3296 2285 3457 2347 quo—

1959 2380 2086 2442 que
2117 2381 2243 2425 non
2277 2361 2661 2425 illuminavit
2692 2362 2815 2424 nisi
2843 2362 3089 2426 Judaeos
3119 2369 3182 2424 et
3208 2362 3454 2444 aliquas

1957 2468 2176 2541 gentes
2210 2460 2336 2522 illis
2376 2461 2658 2540 vicinas3
2700 2468 2843 2543 post
2880 2461 3316 2524 ascensionem
3350 2480 3456 2524 ve-

1962 2578 2053 2634 ro,
2119 2560 2491 2622 universum
2558 2559 2895 2621 mundum.
2963 2558 3173 2623 Nihilo
3240 2560 3453 2622 minus

1961 2658 2269 2738 quamdiu
2318 2656 2440 2718 fuit
2492 2657 2555 2718 in
2606 2658 2847 2720 mundo
2894 2659 3081 2721 modo
3131 2666 3449 2740 praetaetO,

1961 2754 2083 2817 fuit
2125 2757 2236 2817 lux
2278 2754 2501 2816 mundi
2542 2754 2923 2837 specialiter,
2970 2764 3188 2838 utpote
3232 2775 3345 2839 per
3386 2775 3454 2819 se

1962 2855 2173 2936 ipsum
2219 2853 2582 2916 immediate
2625 2854 2915 2917 homines
2960 2855 3356 2919 illustrandO.

2054 2957 2209 3015 Hoec
2257 2974 2459 3032 quum
2506 2954 2778 3013 dimi-sset
2822 2952 3023 3029 JesuS‚
3072 2956 3333 3032 exspuit
3379 2956 3455 3015 in

344 3068 504 3131 pore
551 3069 668 3132 per
713 3051 937 3113 Isaiam
985 3051 1290 3115 Dominus
1341 3054 1568 3115 asserit
1613 3072 1626 3115 :
1672 3053 1852 3115 Tem·
1885 3057 1930 3122 G
1963 3062 2228 3122 terram,
2258 3061 2317 3112 et
2360 3052 2515 3131 fecit
2559 3056 2770 3113 lutum
2819 3072 2902 3111 em
2946 3062 3131 3131 sputo
3179 3060 3241 3114 et
3290 3060 3456 3115 terra

341 3166 504 3231 pore
533 3157 795 3232 accepto
832 3150 1128 3213 exaudivi
1167 3159 1250 3225 te,
1285 3159 1348 3213 et
1379 3152 1442 3212 in
1484 3152 1587 3213 die
1626 3152 1850 3215 salutis

337 3248 567 3329 adjuvi
617 3256 719 3329 te;
772 3256 834 3310 et
878 3249 1238 3330 ApostoluS,
1274 3250 1430 3312 Ecce
1481 3269 1651 3313 nunc
1698 3260 1852 3313 tem-

340 3366 468 3429 pus
517 3347 932 3428 acceptabile,
987 3365 1132 3410 0000
1193 3367 1365 3410 nunc
1417 3349 1550 3411 dies
1603 3350 1846 3412 salutis.

445 3447 648 3514 Venit,
699 3446 762 3506 id
813 3454 928 3521 est,
982 3445 1448 3509 incessabiliter
1503 3448 1853 3530 appropin—

338 3552 522 3625 quat,
553 3564 710 3615 ηοω,
747 3543 809 3605 id
849 3551 945 3606 est
983 3543 1137 3606 finis
1178 3545 1323 3608 vitae
1363 3548 1713 3627 praesentiS‚
1749 3547 1851 3609 vel

335 3642 502 3705 hora
537 3641 790 3723 judicii,
823 3645 1083 3722 quando
1125 3662 1308 3704 nemo
1333 3653 1536 3720 potest
1565 3648 1850 3722 operari,

337 3739 412 3801 id
454 3746 552 3802 est
590 3740 918 3803 meritorie
955 3758 1163 3820 agere,
1198 3742 1501 3822 quoniam
1533 3742 1635 3805 via
1665 3741 1850 3805 finita

335 3846 440 3902 est
485 3845 708 3900 status.
742 3837 950 3909 Quum
996 3856 1144 3919 ergo
1184 3840 1318 3902 haec
1359 3840 1488 3902 vita
1526 3840 1608 3902 sit
1647 3841 1749 3903 via
1787 3848 1850 3903 et

337 3956 572 4000 cursus
615 3937 693 3998 ad
736 3935 926 3998 aliam
973 3937 1190 4011 vitam,
1227 3955 1414 4000 nemo
1459 3946 1666 4020 potest
1708 3947 1850 4020 post

339 4038 512 4099 hanc
558 4034 752 4099 vitam
796 4035 1030 4097 mereri
1075 4036 1174 4097 vel
1221 4036 1552 4117 poenitere.
1587 4036 1653 4098 ln
1696 4038 1850 4101 hora

337 4152 608 4217 quoque
653 4133 878 4214 judicii
933 4133 1055 4195 erit
1102 4141 1356 4215 tempus
1412 4136 1844 4217 praemiorum,

1961 3169 2071 3212 seu
2125 3150 2411 3232 pulvere,
2454 3160 2513 3210 ec
2556 3151 2781 3210 linivit
2827 3154 3038 3211 lutum
3076 3172 3271 3230 super
3311 3172 3456 3211 ocu-

1961 3253 2050 3309 los
2091 3251 2259 3327 ejus,
2308 3248 2372 3310 id
2420 3256 2515 3310 est
2566 3266 2760 3329 super
2808 3266 3115 3328 organum
3166 3249 3454 3311 clausum

1961 3346 2155 3427 hujus
2188 3346 2358 3420 caeci,
2392 3355 2453 3406 et
2480 3346 2659 3406 dimit
2686 3346 2752 3403 ei
2779 3364 2803 3406 .·
2833 3348 3022 3417 Vade,
3058 3349 3209 3406 lava
3236 3346 3453 3409 000103

1960 3448 2031 3507 in
2065 3447 2417 3517 natatoria,
2452 3444 2515 3507 id
2557 3452 2653 3505 est
2695 3444 2941 3525 piscina
2980 3443 3079 3507 vel
3116 3462 3303 3526 aqua,
3347 3446 3456 3505 Si-

1960 3548 2053 3605 loe
2079 3546 2281 3624 (quod
2310 3560 2542 3605 nomen
2574 3541 2953 3604 Hebraicum
2983 3544 3453 3619 interpretatu-r

1959 3644 2239 3721 missus).
2292 3640 2458 3702 Siloe
2509 3638 2653 3703 1003
2712 3638 2838 3701 fuit
2895 3640 3106 3702 oriens
3168 3640 3232 3702 in
3292 3641 3454 3721 pede

1959 3739 2193 3804 montis
2222 3738 2393 3814 Sion,
2428 3738 2948 3819 descendensque
2988 3738 3055 3800 in
3096 3739 3326 3801 vallem
3364 3739 3457 3801 Jo-

1958 3839 2184 3921 saphat
2235 3856 2249 3901 :
2311 3836 2495 3918 cujus
2552 3855 2719 3917 aqua
2775 3836 2842 3898 in
2900 3838 3176 3918 quodam
3234 3845 3454 3918 stagno

1960 3926 2213 4019 recepta
2240 3944 2431 4017 atque
2462 3935 2723 3999 collecta
2766 3953 2891 3998 non
2936 3935 3119 4016 longe
3160 3955 3197 3997 a
3240 3944 3455 4000 monte

1958 4035 2129 4110 Sion,
2166 4043 2381 4099 vocata
2420 4041 2512 4095 est
2552 4033 2857 4096 natatoria
2895 4033 3083 4109 Siloe,
3118 4034 3183 4097 id
3222 4043 3318 4097 est
3361 4035 3458 4117 pi—

1959 4135 2134 4197 scina
2176 4152 2252 4195 ex
2296 4134 2473 4196 fonte
2516 4132 2626 4195 illo
2670 4132 2955 4195 collecta.

341 4252 473 4297 non
527 4232 926 4295 meritorum.
969 4232 1106 4294 Non
1155 4250 1304 4312 ergo
1353 4233 1598 4295 indulta
1648 4234 1852 4316 poeni-
1880 4242 1931 4305 D
2039 4233 2457 4306 Quaerendum
2496 4239 2593 4294 est
2629 4232 2989 4313 diligenter,
3024 4250 3138 4293 cur
3168 4232 3456 4296 Christus

341 4331 566 4395 tentiae
593 4338 886 4412 tempora
915 4330 1332 4411 negligamuS,
1363 4350 1488 4394 non
1532 4332 1701 4393 diem
1741 4332 1852 4394 ali-

341 4448 545 4512 quem
598 4427 994 4491 infructuose
1052 4429 1443 4510 perdamu83
1506 4430 1614 4492 sed
1671 4429 1852 4510 juxta

247 4572 309 4610 u,
340 4527 706 4591 Salomonis
747 4526 1122 4597 doctrinam,
1156 4528 1608 4610 quodcumque
1645 4536 1853 4610 potest

341 4644 579 4689 manus
641 4634 854 4688 nostra
910 4625 1219 4687 instanter
1275 4643 1638 4708 operemur,
1695 4645 1853 4708 quo-

341 4726 522 4788 niam
567 4724 695 4787 cito
737 4724 858 4786 erit
899 4724 1214 4786 terminus
1259 4725 1406 4787 vitae
1448 4724 1654 4787 istius.

431 4823 768 4893 Quamdiu
807 4824 880 4884 in
921 4825 1163 4884 mundo
1201 4843 1370 4891 sum,
1413 4823 1478 4885 id
1522 4831 1638 4898 est,
1684 4823 1852 4885 inter

339 4922 644 4984 homines
674 4920 1090 5002 corporaliter
1130 4920 1276 4985 vivo
1317 4928 1381 4983 et
1415 4920 1697 4996 ambulo,
1732 4925 1850 4983 lua>

334 5040 494 5081 sum
535 5020 793 5085 mundi,
826 5019 892 5081 id
930 5026 1046 5093 est,
1091 5019 1425 5081 hominum
1476 5020 1664 5082 eorda
1707 5020 1851 5081 illu-

337 5126 478 5181 stro
511 5117 708 5181 verbo
739 5116 1231 5199 praedicationiS‚
1274 5117 1566 5199 exemplo
1597 5135 1852 5181 conver-

336 5216 634 5290 sationis,
669 5215 868 5297 signis
910 5215 1142 5279 divinae
1171 5216 1447 5279 virtutiS.
1481 5216 1599 5278 Sed
1638 5235 1850 5280 nonne

334 5314 634 5379 Salvator
681 5332 936 5397 semper
985 5313 1050 5376 in
1098 5315 1338 5377 mundo
1383 5316 1522 5377 esti
1563 5314 1664 5378 vel
1707 5324 1851 5397 post

599 5448 668 5500 T.
704 5448 786 5501 12.

1961 4332 2272 4414 sapientia
2309 4331 2529 4405 Patris,
2566 4330 2727 4392 nihil
2768 4330 2905 4392 sine
2946 4330 3229 4411 legitima
3268 4350 3459 4395 causa

1959 4430 2275 4505 0111010113,
2318 4430 2430 4511 qui
2483 4428 2691 4511 potuit
2735 4428 2868 4491 solo
2918 4436 3099 4503 nutu,
3144 4428 3279 4492 solo
3323 4448 3459 4492 ver-

1960 4530 2063 4604 bo,
2106 4528 2241 4592 solo
2291 4528 2582 4609 imperio,
2626 4546 2792 4590 eaeco
2837 4526 2987 4589 huic
3035 4527 3245 4589 visum
3296 4546 3459 4609 prae-

1961 4638 2145 4702 stare,
2209 4626 2295 4689 ita
2352 4644 2478 4688 non
2537 4624 2709 4699 fecit,
2763 4625 2872 4687 sed
2928 4624 3107 4706 juxta
3164 4625 3452 4689 ordinem

1959 4726 2392 4807 explicatum,·
2422 4724 2791 4804 exspuendo
2841 4721 2994 4785 fecit
3041 4722 3272 4798 lutum,
3325 4742 3456 4805 quo

1961 4824 2142 4886 unxit
2184 4822 2401 4886 oculos
2450 4821 2622 4896 caeci,
2664 4839 2856 4902 quem
2904 4820 3081 4881 misit
3128 4822 3207 4883 ad
3254 4840 3453 4903 aquas

1957 4922 2123 4985 Siloe
2154 4923 2230 4984 ad
2261 4920 2615 4983 lavandum.
2637 4919 2712 4980 Et
2741 4920 3271 5001 respondendum,
3286 4921 3456 5001 quod

1960 5041 2086 5085 non
2137 5020 2276 5081 sine
2322 5019 2547 5099 grandi
2598 5018 2920 5100 mysterio,
2966 5037 3093 5082 non
3138 5018 3277 5080 sine
3321 5038 3459 5101 my-

1960 5120 2116 5183 stica
2159 5117 2400 5180 ratione
2445 5117 2509 5180 id
2557 5116 2841 5197 contigit.
2883 5115 3144 5198 Nempe,
3189 5134 3309 5199 per
3354 5136 3458 5179 ex-

1961 5219 2191 5281 teriora
2218 5217 2337 5278 ista
2366 5235 2511 5298 quae
2548 5216 2715 5290 fecit,
2734 5215 3081 5279 insinuavit
3110 5235 3241 5298 quo
3268 5218 3456 5281 modo

1961 5324 2022 5380 et
2065 5316 2287 5379 ordine
2334 5314 2598 5378 interior
2640 5314 2864 5378 oculus
2913 5314 3290 5377 illustretur.
3333 5314 3455 5378 Ex·-

3140 5449 3203 5503 29

3529 913 3696 957 Manli.

3476 989 3615 1027 xxvm,
3650 978 3717 1019 20.

3492 1984 3743 2035 duanam,

3482 2050 3523 2091 7.
