4300 6259
863 488 980 553 184

1667 509 2017 557 ENARRATIO
2059 509 2122 556 m
2164 509 2301 556 cAP.
2347 511 2433 556 XX
2472 510 2661 558 LUGAE.
2705 531 2785 543 —-
2826 513 2966 558 Am.
3012 511 3159 558 XLIII

860 679 1164 761 quoniam
1205 680 1388 763 impii
1437 699 1563 744 non
1602 680 1830 745 vivunt
1876 681 2022 757 Deo,
2057 682 2168 744 sed
2209 700 2355 764 pro-
2385 681 2434 742 A
2467 681 2765 745 dixerunt
2815 685 3059 748 animas
3110 684 3483 766 corporibus
3532 683 3949 766 reuniendas;

862 779 1017 861 priae
1064 780 1274 861 potius
1315 780 1660 860 voluntati3
1696 800 1908 844 coram
1947 780 2070 843 Deo
2118 781 2353 844 mortui

860 879 1298 960 perhibentur.
1332 915 1412 924 —
1441 878 1516 940 Et
1553 880 2067 961 respondendum
2103 881 2182 942 ad
2227 879 2356 960 pri-

859 996 1058 1053 mum,
1084 979 1254 1058 quod
1283 978 1526 1059 aliquid
1557 978 1790 1040 dicitur
1819 978 2161 1060 dupliciter
2190 997 2356 1042 mor-

859 1084 1041 1139 tuum
1077 1095 1090 1138 :
1127 1076 1356 1158 prim0,
1399 1077 1681 1152 omnino,
1726 1078 2077 1140 secundum
2122 1095 2355 1159 corpus

859 1182 922 1237 et
964 1175 1265 1250 animam,
1299 1183 1363 1237 et
1407 1177 1495 1238 ita
1543 1194 1669 1239 non
1719 1182 1815 1238 est
1862 1176 2026 1238 Deus
2075 1183 2357 1239 mortuo-

859 1293 1004 1335 rum
1053 1273 1215 1336 Deus
1262 1281 1372 1336 aut
1417 1273 1648 1355 jude13
1691 1274 1989 1350 secundo,
2043 1281 2356 1356 quantum

858 1373 938 1434 ad
968 1391 1199 1454 corpus
1227 1379 1490 1446 tantum,
1515 1373 1736 1455 sicque
1765 1381 2159 1437 mortuorum
2192 1373 2354 1436 Deus

859 1479 923 1533 et
966 1470 1162 1552 judex
1207 1479 1301 1533 est
1348 1471 1673 1535 Dominus.
1727 1472 1818 1534 Ad
1875 1473 2225 1534 secundum
2278 1489 2356 1533 ex

859 1570 1081 1632 eodem
1122 1577 1291 1652 patet
1340 1571 1690 1652 responsio,
1723 1570 1876 1653 quia
1915 1569 2161 1652 praefati
2209 1578 2359 1632 sunt

861 1686 1009 1732 vere
1050 1667 1307 1742 mortui,
1341 1676 1653 1750 quantum
1689 1671 1766 1731 ad
1806 1688 2061 1751 corpus.
2097 1669 2187 1730 Ad
2234 1677 2359 1730 ter-

859 1767 1023 1830 tium
1075 1775 1170 1830 est
1213 1767 1576 1842 dicendum,
1611 1769 1782 1849 quod
1826 1768 2010 1850 impii
2059 1787 2133 1830 ac
2181 1769 2359 1830 dam-

2466 783 2577 844 sed
2626 783 2919 845 errabant
2972 783 3037 846 in
3087 783 3229 858 hoc,
3281 784 3451 865 quod
3504 801 3609 845 eas
3658 783 3953 846 dixerunt

2466 881 2839 962 corporibus
2881 883 3091 944 denuo
3132 881 3457 946 morituris
3500 881 3691 944 uniri.

2530 978 2873 1056 Posti-cmc,
2906 999 2983 1044 ex
3014 982 3201 1045 modo
3230 981 3531 1062 loquendi
3562 981 3765 1063 ipsius
3792 980 3955 1063 Moy-

2468 1079 2553 1140 sis
2603 1078 2669 1140 in
2714 1079 3003 1160 quinque
3044 1078 3226 1141 libris
3276 1077 3429 1153 suiS,
3462 1078 3811 1141 clarissime
3856 1079 3956 1140 in-

2468 1177 2735 1240 notescit
2771 1177 3015 1239 animas
3054 1177 3385 1239 hominum
3418 1194 3557 1238 esse
3590 1183 3950 1259 perpetuas,

2467 1275 2854 1358 Frequenter
2899 1275 3133 1338 etenim
3182 1275 3291 1350 ait,
3342 1292 3447 1338 eos
3498 1274 3611 1357 qui
3658 1274 3957 1338 obierunt

2467 1392 2607 1436 esse
2664 1373 2959 1437 collectos
3013 1374 3090 1435 ad
3151 1380 3357 1455 patres
3414 1392 3582 1437 suos,
3641 1372 3717 1435 Et
3767 1373 3955 1436 Jacob
4020 1391 4199 1434 amm.
4241 1379 4242 1388 ’

2470 1473 2825 1555 patriarcha
2858 1491 2871 1534 :
2907 1472 3313 1546 Descendam,
3354 1473 3585 1554 inquit,
3618 1474 3696 1535 ad
3742 1471 3954 1534 filium
3984 1455 4202 1566 {3¹2²ss
4241 1527 4242 1542 ,

2471 1590 2683 1634 meum
2733 1572 2956 1652 lugens
3001 1571 3068 1633 in
3112 1569 3458 1633 infernum.
3494 1570 3759 1634 Abrahae
3799 1589 3960 1653 quo-
3986 1580 4201 1622 mamm.
4241 1565 4242 1608 ³

2468 1689 2596 1753 que
2643 1670 2969 1753 perhibuit
3018 1670 3181 1732 Deus
3234 1689 3248 1732 :
3298 1669 3529 1732 Merces
3579 1679 3687 1731 tua
3732 1645 4201 1753 magna³1⁵„',-41‚„,‚‚⁶
4241 1665 4242 1672 '

2468 1778 2564 1832 est
2602 1770 2815 1832 nimie.
2850 1769 3247 1851 Temporalia
3280 1776 3489 1831 autem
3526 1787 3651 1832 non
3693 1776 3961 1850 possunt

861 1866 991 1928 nati
1037 1885 1163 1930 non
1196 1867 1422 1931 vivunt
1460 1866 1606 1940 Deo,
1640 1867 1706 1928 id
1744 1875 1840 1929 est
1878 1868 2230 1930 secundum
2270 1869 2357 1930 le·
2394 1868 2441 1930 B
2469 1887 2605 1931 esse
2636 1866 2968 1930 sufficiens
3008 1868 3341 1930 retributio
3378 1885 3644 1949 operum
3684 1867 3963 1930 caritatis

859 1983 1003 2046 gem
1053 1965 1334 2028 divinam
1369 1983 1383 2028 :
1418 1965 1620 2028 nihilo
1671 1965 1883 2027 minus
1934 1966 2161 2031 vivunt
2207 1966 2353 2042 Dec,

861 2064 926 2126 id
965 2072 1061 2125 θεῖ
1096 2065 1175 2126 ad
1216 2083 1346 2126 suae
1378 2062 1640 2144 justitiae
1678 2064 2189 2140 declarationem,
2222 2066 2359 2128 sive

860 2165 938 2225 ad
987 2181 1118 2225 suae
1164 2162 1511 2243 majestatis
1562 2162 1866 2226 honorem
1903 2183 1914 2225 :
1948 2165 2100 2245 quia
2149 2164 2215 2226 in
2266 2164 2358 2226 eis

861 2261 1216 2324 ostenditur
1243 2261 1705 2343 omnipotentia
1733 2261 2041 2324 Creatoris
2071 2269 2134 2324 θῖ
2162 2262 2361 2344 aequi-

861 2367 955 2421 tas
1005 2358 1194 2440 ejus3
1247 2358 1376 2422 imo
1434 2360 1636 2442 pietas
1683 2359 1823 2439 ejus
1871 2359 2088 2440 aliquo
2146 2361 2353 2436 mod0,

861 2458 1166 2540 quoniam
1197 2458 1354 2521 citra
1383 2459 1770 2540 condignum
1802 2459 2161 2541 puniuntur
2190 2461 2359 2522 dam-

862 2557 1014 2632 nati,
1049 2564 1112 2619 et
1140 2557 1325 2639 impii
1356 2558 1422 2620 in
1462 2558 1694 2620 saeculo
1731 2557 1852 2620 isto
1880 2557 2201 2620 interdum
2240 2559 2358 2620 mi-

861 2655 1262 2719 sericorditer
1319 2663 1798 2730 convertuntur,
1859 2663 1921 2717 et
1976 2656 2082 2737 pie
2139 2676 2176 2718 a
2231 2657 2356 2720 Deo

859 2753 1230 2830 tolerantur,
1285 2772 1357 2816 ac
1416 2753 1589 2818 varia
1646 2754 1784 2835 ejus
1844 2753 2163 2817 beneficia
2220 2773 2353 2818 sor-

860 2851 1129 2912 tiuntur.

940 2947 1060 3011 Sed
1100 2955 1313 3031 posset
1351 2949 1496 3030 quis
1538 2948 1747 3011 dicere
1781 2968 1795 3012 :
1829 2949 2108 3023 Qualiter
2139 2969 2215 3012 ex
2257 2951 2357 3013 his

2469 1975 2533 2030 et
2573 1968 2810 2048 gratiae,
2844 1986 2989 2048 quae
3032 1974 3180 2029 sunt
3222 1985 3415 2048 opera
3462 1966 3965 2047 supernaturalis

2468 2086 2541 2129 ac
2573 2064 3109 2148 praestantissimae
3138 2064 3483 2146 dignitatiS,
3516 2064 3965 2146 temporalium

2470 2183 2683 2227 rerum
2724 2165 3001 2227 valorem
3044 2183 3119 2226 ac
3163 2163 3533 2244 dignitatem
3570 2162 3969 2245 incompara-

2469 2264 2685 2327 biliter
2724 2263 3109 2326 excedentia.
3145 2262 3430 2344 Denique
3474 2261 3659 2324 multi
3706 2261 3863 2343 justi
3904 2270 3969 2323 et

2471 2363 2671 2425 sancti
2707 2362 2937 2424 veteris
2969 2360 3350 2424 Testamenti
3390 2360 3455 2422 in
3499 2361 3627 2423 vita
3666 2361 3965 2442 praesenti

2468 2460 2955 2524 adversitatibus
3000 2459 3293 2521 maximis
3336 2466 3400 2520 et
3442 2459 3709 2522 diversis
3758 2479 3965 2540 usque

2469 2560 2546 2622 ad
2576 2559 2775 2621 finem
2810 2559 2955 2622 vitae
2992 2557 3206 2620 affecti
3247 2565 3417 2628 sunt,
3450 2566 3513 2620 et
3550 2559 3803 2620 tandem
3846 2576 3965 2640 pro

2468 2657 2713 2740 justitia
2743 2656 3079 2733 interfecti,
3114 2664 3185 2718 ut
3222 2656 3299 2718 de
3334 2674 3401 2718 se
3439 2656 3580 2738 ipso
3618 2655 3839 2719 recitat
3866 2657 3965 2718 Je-
4022 2680 4201 2722 Jemm

2471 2758 2722 2831 remiaS,
2765 2766 2830 2820 et
2878 2758 2957 2819 de
3008 2755 3227 2818 multis
3274 2762 3517 2818 constat
3566 2753 3899 2837 Prophetis
3942 2749 4200 2848 εζζῗμω

2469 2856 2546 2918 de
2585 2856 2821 2936 quibus
2873 2861 3118 2917 certum
3161 2861 3277 2928 est,
3312 2854 3479 2934 quod
3526 2853 3593 2915 in
3628 2853 3759 2916 vita
3802 2872 3965 2935 prae-

2469 2954 2633 3017 senti
2683 2974 2810 3017 non
2854 2959 3003 3016 sunt
3042 2971 3157 3034 pro
3200 2951 3331 3013 suis
3374 2951 3618 3014 meritis
3669 2969 3965 3014 remune-

861 3047 1073 3111 verbis
1132 3047 1436 3129 probatur
1493 3048 1872 3111 resurrectio
1935 3057 2352 3124 mortuorum,
2396 3052 2439 3116 C
2470 3054 2585 3116 rati
2634 3071 2647 3115 :
2695 3071 2843 3134 ergo
2888 3060 3031 3134 post
3073 3050 3268 3113 vitam
3311 3050 3499 3112 hanc.

860 3165 1062 3227 quum
1093 3164 1219 3208 non
1247 3146 1420 3208 aliud
1460 3165 1538 3210 ex
1576 3147 1668 3208 eis
1706 3147 2012 3228 consequi
2044 3147 2353 3224 videatur,

863 3244 986 3305 nisi
1032 3245 1206 3325 quod
1262 3244 1638 3308 immortalis
1687 3245 1768 3306 sit
1815 3245 2027 3307 anima
2084 3246 2357 3309 rationa-

861 3341 985 3404 lis?
1023 3342 1480 3424 Respondetur,
1515 3345 1686 3425 quod
1729 3341 2014 3406 Christus
2057 3343 2358 3426 loqueba-

861 3447 966 3503 tur
1022 3439 1401 3517 SadducaeiS,
1453 3441 1565 3522 qui
1625 3441 1767 3505 ideo
1828 3443 2357 3506 resurrectionem

861 3539 1196 3620 negabant,
1230 3540 1532 3621 quoniam
1580 3541 1822 3603 animas
1873 3540 2172 3603 dixerunt
2218 3559 2357 3604 esse

863 3637 1158 3700 mortales
1206 3656 1219 3700 τ
1266 3638 1410 3702 ideo
1457 3638 1930 3701 immortalitate
1975 3639 2206 3702 animae
2253 3640 2359 3702 de-

861 3743 1226 3810 monstrata,
1252 3736 1513 3819 probata
1542 3737 1632 3800 eis
1663 3737 1786 3800 fuit
1819 3738 2198 3801 resurrectio
2229 3757 2359 3802 cor-

863 3853 1113 3915 porum.
1147 3834 1223 3896 Et
1269 3835 1460 3898 etiam
1499 3835 1668 3897 idem
1708 3855 1785 3898 ex
1824 3837 1966 3898 aliis
2007 3843 2215 3918 potest
2261 3838 2358 3900 in-

861 3931 1017 3995 ferri
1051 3952 1066 3996 t
1102 3933 1329 4008 Primo,
1361 3953 1563 4015 quum
1605 3935 1816 3997 anima
1859 3935 1943 3999 sit
1988 3937 2360 3998 naturaliter

864 4032 1146 4114 corporis
1195 4031 1420 4108 forma,
1455 4034 1806 4095 naturalem
1856 4034 2046 4096 habet
2094 4034 2361 4097 inclina-

863 4129 1102 4193 tionem
1149 4131 1226 4192 ad
1281 4131 1652 4194 reunionem
1704 4152 1849 4195 cum
1902 4133 2063 4214 ipso.
2119 4133 2357 4196 Secun-

2529 3155 2999 3230 Respondentes
3024 3159 3240 3210 autem
3264 3150 3531 3228 quidam
3554 3151 3957 3222 Scribarum,
4084 3161 4142 3214 39

2468 3251 2580 3333 qui
2641 3257 2821 3312 erant
2875 3248 3031 3330 legis
3091 3248 3399 3322 doctoreS,
3447 3249 3784 3309 elicuerunt.
3838 3247 3962 3310 Sed

2468 3348 2787 3431 quomodo
2845 3346 3249 3428 respondisse
3306 3345 3627 3418 dicuntur,
3685 3346 3797 3426 qui
3861 3346 3963 3407 in-

2469 3445 2762 3527 terrogati
2816 3464 2940 3508 non
2986 3446 3206 3506 crant?
3246 3443 3616 3516 Dicendum,
3654 3444 3826 3524 quod
3868 3461 3967 3504 re-

2470 3546 2883 3627 sponderunt,
2942 3544 3007 3606 id
3062 3550 3180 3617 est,
3236 3543 3313 3604 ad
3372 3542 3764 3623 praeinducta
3818 3561 3955 3604 ver-

2469 3645 2549 3706 ba
2586 3642 2815 3706 Christi
2864 3649 3011 3724 apte
3054 3649 3117 3704 et
3165 3640 3729 3722 correspondenter
3765 3640 3963 3704 locuti

2470 3748 2639 3803 sunt.
2688 3741 3023 3818 Mayister,
3070 3740 3222 3799 bene
3266 3739 3524 3806 dimisti,
3574 3736 3637 3799 id
3686 3744 3801 3812 est,
3858 3757 3965 3800 ve-

2468 3839 2696 3901 raciter
2746 3835 3149 3920 respondisti.
3196 3839 3283 3898 Et
3329 3836 3614 3912 amplius
3659 3855 3789 3897 non
3836 3857 3961 3896 au·
4084 3842 4142 3898 ιο

2466 3941 2702 3999 debant
2750 3957 2897 3997 eum
2944 3936 3306 4016 quidquam
3356 3934 3423 3993 in
3434 3942 3753 4010 terroyare
3802 3932 3962 3996 Pha-

2469 4034 2631 4098 risaei
2666 4042 2728 4096 θῖ
2759 4033 3101 4107 Sadducaei,
3124 4031 3277 4112 quia
3304 4049 3432 4113 quo
3464 4030 3607 4113 plus
3639 4031 3961 4094 Christum

2469 4134 3038 4214 interrogaverunt,
3070 4149 3146 4194 eo
3194 4129 3502 4212 sapientia
3548 4129 3689 4210 ejus
3732 4130 3963 4193 clarior

864 4229 964 4302 do,
1027 4229 1329 4310 quoniam
1389 4231 1555 4292 sicut
1608 4231 1821 4292 anima
1877 4231 2109 4293 meruit
2165 4239 2357 4313 atque
2389 4240 2439 4302 D
2466 4233 2815 4316 apparebat
2860 4240 2922 4294 et
2960 4230 3185 4311 major,
3220 4238 3283 4292 et
3319 4227 3443 4311 ipsi
3482 4229 3627 4311 plus
3676 4227 3963 4292 confuta-

863 4326 1197 4402 demeruit,
1259 4327 1346 4389 ita
1407 4335 1469 4389 ct
1533 4326 1814 4390 finaliter
1869 4333 2352 4392 remuneranda.

860 4423 1400 4497 Quemadmodum
1440 4443 1589 4508 ergo
1629 4427 1695 4488 in
1729 4446 1990 4509 corpore
2022 4430 2256 4490 meruit
2284 4450 2357 4493 ac

862 4524 1196 4598 demeruit,
1251 4524 1336 4585 ita
1391 4523 1456 4586 in
1517 4525 1658 4608 ipso
1707 4526 1992 4588 ultimate
2050 4535 2146 4588 est
2193 4546 2357 4609 prae-

861 4621 1135 4683 mianda.
1171 4621 1399 4695 Tertio,
1434 4623 1737 4705 quoniam
1777 4624 2010 4699 anima,
2042 4643 2245 4706 quum
2277 4626 2359 4687 sit

861 4719 1234 4782 naturaliter
1263 4739 1406 4802 pars
1437 4720 1709 4803 aliquus
1739 4721 1955 4797 totiuS,
1991 4741 2116 4785 non
2152 4731 2360 4805 potest

861 4819 930 4881 in
989 4835 1057 4880 se
1119 4818 1258 4901 ipsa
1314 4819 1787 4883 subsistentiam
1855 4821 2087 4882 habere
2145 4822 2357 4903 perfe-

864 4926 1028 4980 ctam
1054 4935 1068 4978 :
1091 4934 1240 4997 crgo
1271 4935 1389 4980 nec
1419 4918 1673 5000 plenam
1703 4919 2094 4982 felicitatem.
2112 4919 2354 4996 Quart0,

863 5014 1166 5096 quoniam
1226 5016 1546 5080 sensitivoe
1595 5017 1760 5080 vires
1819 5018 2177 5080 radicaliter
2226 5038 2359 5080 ma-

863 5124 1018 5177 nent
1044 5116 1110 5178 in
1149 5115 1362 5179 anima
1395 5135 1410 5180 :
1445 5117 1681 5181 idcirco
1719 5119 1796 5180 ad
1837 5138 2066 5200 corpus
2106 5127 2358 5182 natura-

861 5212 988 5274 lem
1017 5213 1206 5276 hahet
1234 5213 1560 5292 affectum,
1596 5235 1713 5280 nec
1743 5217 1985 5299 absque
2023 5217 2135 5281 illo
2166 5218 2355 5299 plene

864 5310 1137 5392 quiescit
1163 5319 1273 5373 aut
1301 5321 1718 5376 contentatur.
1751 5315 1928 5379 Unde
1957 5324 2021 5378 et
2049 5315 2350 5380 Platonici

2465 4332 2720 4394 bantur.
2754 4330 2817 4393 Si
2849 4337 3061 4392 autem
3103 4329 3209 4411 pia
3242 4327 3612 4402 intentione,
3648 4328 3963 4390 desiderio

2468 4428 2872 4513 proficiendi,
2925 4429 3417 4508 interrogassent
3471 4425 3807 4489 Dominum
3864 4427 3963 4488 Je-

2468 4549 2633 4604 sum,
2685 4547 2815 4610 quo
2873 4528 3011 4610 ipse
3068 4526 3337 4589 celerius
3394 4545 3468 4588 ac
3526 4524 3961 4607 sapientialius

2470 4627 2918 4711 respondisset,
2959 4645 3033 4689 eo
3081 4625 3203 4708 ipsi
3253 4625 3499 4687 avidius
3546 4633 3735 4706 atque
3782 4623 3961 4686 inde—

2468 4727 2781 4788 sinentius
2840 4725 3140 4788 sciscitati
3205 4722 3498 4784 fuissent.
3557 4723 3771 4803 ltaque
3824 4741 3957 4784 non

2466 4823 2783 4885 audebant
2819 4823 3192 4903 magistrum
3224 4821 3503 4884 veritatis
3542 4819 3815 4902 amplius
3863 4819 3963 4881 in-

2467 4929 2783 5002 terrogare
2820 4922 2896 4983 ad
2936 4928 3213 5002 tempus,
3248 4919 3491 4980 scilicet
3529 4919 3630 4980 die
3669 4919 3788 4980 isto
3820 4935 3833 4978 ε
3872 4925 3961 4979 ta-

2468 5038 2612 5082 men
2659 5018 2847 5101 paulo
2896 5025 3058 5101 post,
3093 5025 3378 5099 tempore
3423 5015 3752 5098 passionis,
3785 5033 3959 5097 saepe

2464 5118 3013 5198 interrogaverunt
3060 5117 3377 5178 eumdem.
3424 5114 3514 5176 Ex
3560 5113 3795 5196 quibus
3840 5113 3961 5176 eli-

2465 5217 2651 5292 citur,
2713 5214 3021 5278 invidiam
3082 5213 3541 5277 rationabiliter
3598 5211 3955 5276 convictam

2463 5316 2673 5379 acrius
2714 5313 3071 5396 malignari.
