4300 6259
566 890 649 934 Pe.
659 903 714 932 xv

661 2256 732 2312 27

740 484 746 490 ’
861 485 980 551 152

717 889 831 939 n‚27.

573 2863 772 2920 Philipp.
785 2877 839 2915 iv,

578 2928 644 2970 12.

601 2989 728 3033 Rom.

601 3549 738 3595 Prov-
753 3565 806 3594 xx

663 3738 735 3794 28

749 3002 838 3039 vm.

1649 507 1997 554 manuue
2041 505 2104 552 ΙΝ
2146 505 2285 551 ΕΔΡ.
2331 503 2483 550 xvul
2523 504 2713 551 LUGAE.
2757 524 2838 535 —
2878 506 3025 552 ΛΒΤ.
3069 507 3169 554 xm

860 676 1164 757 nequitiae
1207 678 1272 741 in
1313 678 1702 742 coelestihus.
1736 677 2038 751 Quartum
2077 683 2175 738 est
2212 694 2356 758 pra-
2384 674 2437 736 A
2464 675 2629 740 adsit
2658 677 2922 741 interior
2952 677 3325 742 interiorum
3358 677 3639 752 imitatio,
3664 684 3733 739 ut
3760 676 3949 739 disca-

861 791 938 836 va
968 775 1254 853 societaS,
1287 777 1826 859 quemadmodum
1865 775 2179 857 scriptum
2207 782 2303 836 est
2335 792 2349 836 ε

861 870 1019 934 Cum
1075 893 1375 956 perverso
1435 875 1837 958 perverteris.
1898 873 2201 947 Quintum
2261 878 2358 934 est

860 971 1386 1048 desiderabilitaS,
1449 991 1893 1056 apparensque
1958 972 2231 1046 bonitas,
2293 978 2357 1032 et

860 1070 1241 1135 deliciositas
1273 1074 1338 1136 in
1371 1073 1560 1136 rebus
1591 1073 1816 1135 creatis
1846 1072 2179 1146 exsistenS‚
2212 1089 2357 1152 quae

859 1167 1107 1232 fortiter
1135 1170 1354 1248 allicit,
1389 1179 1622 1246 movet,
1656 1171 1965 1244 accendit,
2000 1170 2086 1233 ita
2126 1177 2195 1231 ut
2233 1167 2358 1231 dif—

861 1266 1036 1330 ficile
1083 1277 1286 1332 exstet
1333 1271 1650 1333 resistere.
1697 1269 1818 1333 Sed
1864 1269 2028 1331 hanc
2076 1267 2359 1331 difficul-

863 1374 1056 1429 tatem
1097 1376 1266 1431 recte
1296 1369 1551 1432 vivendi
1593 1368 2039 1450 serviendique
2080 1366 2205 1430 Deo
2241 1365 2360 1429 mi-

865 1465 1062 1546 tigare
1111 1473 1175 1528 et
1219 1467 1464 1542 tollere,
1514 1474 1706 1548 atque
1755 1467 1820 1528 in
1867 1465 2236 1528 facilitatem
2298 1473 2360 1526 et

862 1565 1345 1628 delectationem
1377 1573 1744 1630 convertere
1773 1565 2022 1642 dehent,
2042 1583 2221 1628 amor
2252 1564 2359 1626 Dei

863 1661 1150 1726 fervidus
1200 1672 1263 1726 et
1303 1664 1611 1740 sinceruS,
1655 1665 1759 1727 cui
1803 1672 2032 1727 cuncta
2068 1682 2214 1746 quae
2250 1663 2360 1727 Dei

864 1769 1034 1836 sunt,
1083 1761 1297 1825 facilia
1347 1769 1411 1825 et
1456 1763 1740 1843 jucunda
1787 1762 2107 1838 videntur,
2149 1781 2362 1826 exem-

2468 795 2610 838 mus
2666 795 2703 837 a
2760 776 3007 840 Christo
3063 776 3508 850 humilitatem,
3559 776 3945 859 patientiam,

2468 875 3045 950 mansuetudinem,
3088 876 3434 938 caritatem.
3476 875 3619 938 Haec
3656 875 3815 937 dixit
3848 874 3951 936 Pe-

2467 981 2625 1048 truS,
2660 973 2926 1056 cupiens
2955 976 3033 1037 de
3065 973 3326 1056 praemio
3355 973 3685 1038 informari
3713 993 3749 1036 a
3776 973 3949 1037 Chri-

2468 1079 2585 1135 sto.
2633 1072 2809 1134 Unde
2856 1075 3209 1135 secundum
3255 1072 3613 1136 Matthaeum
3656 1072 3887 1153 adjecit
3930 1087 4183 1136 tumim.

2468 1170 2629 1243 Quid
2672 1189 2821 1252 ergo
2857 1172 2981 1234 erit
3018 1172 3246 1236 nobis?
3974 1153 4035 1194 ²⁷·

2566 1272 2693 1339 Qui
2738 1271 2918 1332 dimit
2960 1272 3079 1342 eis,
3128 1271 3371 1333 scilicet
3418 1269 3665 1332 cunctis
3712 1269 3840 1332 illis
3887 1270 3953 1331 in
4068 1268 4123 1323 29

2468 1387 2745 1450 quorum
2779 1387 3049 1450 persona
3084 1376 3149 1431 et
3188 1388 3302 1451 pro
3340 1367 3577 1450 quibus
3614 1367 3831 1430 Petrus
3859 1367 3957 1429 fu-

2470 1473 2604 1529 erat
2642 1465 2997 1529 sciscitatus
3032 1485 3047 1530 :
3080 1469 3289 1528 Amen
3318 1468 3463 1527 dico
3503 1468 3674 1527 vobis
3703 1487 3727 1525 .·
3756 1468 3955 1530 Nemo

2468 1575 2558 1626 est
2598 1568 2717 1646 qui
2757 1566 3073 1645 relinquit
3108 1569 3400 1634 domum,
3441 1565 3561 1628 hoc
3606 1571 3703 1628 est
3748 1565 3957 1628 locum

2471 1664 2745 1726 natalem
2804 1681 2917 1726 seu
2976 1663 3433 1739 habitaculum,
3488 1671 3595 1725 aut
3652 1661 3959 1726 familiam

2472 1762 2608 1826 sive
2652 1769 2968 1844 cognatOS,
3002 1772 3119 1824 aut
3148 1773 3477 1840 parentes,
3516 1772 3631 1824 aut
3670 1763 3910 1840 fratres
3940 1783 3961 1822 .·

866 1860 1045 1942 plum
1081 1860 1312 1924 Christi
1342 1862 1764 1950 omniumque
1801 1860 2197 1936 Sanctorum,
2229 1881 2361 1923 ma·
2398 1857 2445 1920 Β
2475 1879 2589 1944 per
2618 1880 2779 1942 quos
2810 1861 3255 1942 intelliguntur
3282 1867 3347 1922 et
3374 1879 3649 1942 sorores3
3673 1871 3790 1922 aut
3816 1880 3966 1922 uxo-

862 1959 1132 2040 gnitudo
1181 1961 1429 2042 praemii
1470 1960 1809 2035 aeternaliS,
1846 1979 2040 2042 pavor
2078 1959 2358 2023 incendii

866 2056 1222 2132 infernalis,
1274 2057 1551 2122 formido
1599 2059 1802 2120 divini
1849 2058 2098 2140 judicii,
2137 2059 2361 2122 odium

869 2154 1106 2219 diaboli
1151 2163 1214 2218 et
1255 2156 1465 2220 omnis
1513 2158 1778 2239 peccati.

967 2255 1056 2316 Et
1113 2255 1211 2316 ait
1267 2256 1408 2315 illis
1453 2275 1478 2316 .·
1529 2259 1684 2325 Quoe
1731 2257 2163 2333 impossibilia
2208 2266 2363 2317 sunt

868 2355 1051 2432 apud
1069 2355 1376 2423 faeminea,
1385 2355 1726 2432 possibilia
1745 2364 1899 2415 sunt
1917 2358 2098 2431 apud
2115 2357 2325 2416 Deum
2338 2376 2361 2416 .·

865 2450 929 2512 id
967 2457 1084 2526 est,
1126 2451 1420 2532 quamvis
1466 2452 1757 2515 homines
1797 2453 2074 2534 propriis
2113 2452 2361 2516 viribus

865 2556 1187 2631 nequeant
1233 2557 1482 2612 terrena
1529 2551 1616 2612 ita
1665 2551 2013 2634 despicere,
2057 2551 2211 2616 vitia
2258 2571 2364 2614 su-

867 2665 1109 2731 perare,
1163 2654 1226 2710 et
1275 2647 1470 2711 vitam
1520 2649 1751 2711 mereri
1809 2657 2130 2726 aeternam,
2184 2650 2364 2732 adju-

866 2746 1029 2809 torio
1083 2755 1296 2810 tamen
1354 2747 1810 2830 omnipotentis
1857 2748 1966 2810 Dei
2026 2749 2162 2812 haec
2219 2768 2364 2832 pos-

867 2851 1036 2918 sunt,
1071 2843 1240 2907 sicut
1277 2844 1366 2907 ait
1401 2845 1740 2928 Apostolus
1776 2865 1789 2908 :
1833 2844 2057 2909 Omnia
2099 2866 2361 2929 possum

869 2941 935 3004 in
985 2959 1059 3005 eo
1109 2943 1221 3024 qui
1272 2962 1374 3006 me
1417 2944 1769 3026 confortat3
1812 2964 2187 3027 rursusque,
2230 2945 2364 3028 Spi-

2472 1981 2609 2021 rem
2639 1981 2662 2020 .·
2692 1979 2837 2042 quae
2867 1968 3011 2042 post
3049 1959 3525 2022 matrimonium
3571 1978 3967 2023 consumma-

2473 2066 2609 2121 tum
2642 2077 2768 2122 non
2800 2066 2896 2121 est
2928 2058 3359 2139 relinquenda,
3386 2057 3508 2120 nisi
3538 2059 3619 2120 de
3646 2057 3990 2121 communi-

2474 2157 2809 2221 amborum
2860 2175 3197 2231 consensu,
3250 2164 3313 2218 et
3360 2156 3440 2220 ob
3500 2156 3825 2238 religionis
3872 2157 3968 2218 in-

2472 2274 2765 2338 gressum
2794 2273 2905 2318 seu
2934 2254 3126 2318 aliam
3155 2256 3447 2319 idoneam
3487 2274 3737 2318 causam
3773 2274 3789 2317 ε
3824 2275 3967 2337 quae

2473 2362 2628 2418 tunc
2658 2354 3046 2436 relinquitur
3075 2362 3387 2436 quantum
3416 2355 3494 2417 ad
3525 2363 3733 2418 torum
3764 2363 3829 2416 et
3856 2355 3967 2418 do-

2474 2473 2674 2529 mum,
2717 2472 2845 2517 non
2894 2431 3205 2534 quantum
3254 2454 3331 2516 ad
3372 2451 3701 2515 vinculum
3746 2453 3967 2534 conju-

2471 2552 2633 2633 gale,
2687 2570 2888 2633 quum
2939 2551 3023 2613 sit
3073 2559 3219 2613 ante
3276 2557 3540 2614 mortem
3594 2549 3959 2615 insolubile.

2476 2650 2681 2714 Potest
2712 2667 2971 2731 quoque
2998 2649 3231 2732 exponi
3271 2650 3351 2712 de
3382 2649 3650 2711 muliere
3678 2649 3962 2712 nondum

2474 2749 2711 2824 hahita,
2745 2749 2847 2813 vel
2877 2749 2955 2810 de
2985 2747 3200 2810 hahita
3227 2755 3373 2810 ante
3400 2747 3787 2811 matrimonii
3820 2766 3965 2810 con·
4222 2692 4224 2818 ἐ

2474 2845 2985 2910 summationem.
3008 2848 3147 2907 Aut
3164 2848 3357 2924 filios.
3372 2892 3411 2908 ..
3430 2848 3518 2908 Et
3542 2865 3669 2906 non
3692 2847 3965 2923 recipiat

2478 2949 2678 3006 multo
2701 2950 2905 3024 plura
2936 2947 3009 3005 in
3040 2947 3155 3006 hoc
3186 2955 3483 3022 tempore,
3518 2944 3637 3007 hoc
3672 2950 3770 3005 est
3810 2962 3969 3025 prae-

869 3041 1028 3103 ritus
1076 3041 1338 3123 adjuvat
1384 3042 1824 3107 infirmitatem
1881 3052 2185 3108 nostram.
2237 3045 2362 3109 Deo
2400 3042 2445 3107 C
2474 3043 2779 3107 stantiora
2840 3043 3431 3124 abundantioraque
3490 3042 3657 3105 hona
3712 3042 3778 3103 in
3840 3042 3969 3104 vita

868 3139 1112 3221 quippe
1154 3140 1486 3223 proprium
1536 3149 1631 3204 est
1676 3142 1744 3204 in
1789 3142 1992 3225 ipsam
2039 3143 2363 3207 rationalis

870 3245 1173 3301 creaturae
1216 3240 1606 3303 voluntatem
1654 3241 2020 3305 immediate
2059 3260 2267 3323 agere,
2302 3251 2365 3306 et

867 3353 1008 3398 eam
1040 3355 1156 3418 pro
1195 3355 1312 3401 suo
1350 3337 1534 3401 libito
1571 3339 1931 3414 immutare,
1967 3349 2359 3417 convertere,

869 3432 1294 3498 inflammare.
1327 3436 1588 3519 Propter
1624 3438 1797 3519 quod
1831 3437 2124 3503 Salomon
2159 3439 2366 3522 loqui-

865 3539 968 3595 tur
999 3552 1014 3597 :
1052 3533 1166 3598 Cor
1203 3534 1370 3616 regis
1411 3535 1476 3598 in
1517 3553 1704 3598 manu
1741 3535 1852 3598 Dei
1892 3545 2018 3618 est3
2055 3556 2366 3619 quocum—

866 3649 990 3714 que
1034 3632 1325 3708 voluerit,
1368 3634 1704 3697 inclinabit
1745 3635 1927 3698 illud.

943 3732 1064 3792 Ait
1090 3742 1303 3793 autem
1335 3735 1597 3804 Petrus,
1627 3733 1738 3815 qui
1767 3741 2075 3816 tanquam
2103 3754 2174 3799 os
2203 3736 2366 3819 Apo—

865 3830 1194 3906 stolorum,
1223 3838 1438 3894 vertex
1469 3831 1740 3914 collegii,
1775 3831 2161 3915 futurusque
2193 3835 2364 3917 prin-

865 3944 1036 4009 cepS,
1082 3945 1208 3990 non
1257 3929 1464 3992 solum
1513 3929 1845 4011 apostolici
1897 3931 2095 4006 chori,
2139 3933 2251 3995 sed
2300 3941 2365 3996 et

863 4025 1056 4088 totius
1088 4027 1466 4090 universalis
1497 4027 1816 4104 Ecclesiae,
1853 4029 2100 4111 primus
2138 4029 2266 4093 fuit
2294 4031 2361 4094 in

861 4125 1225 4206 quaerendo,
1251 4125 1500 4207 primus
1531 4127 1597 4188 in
1630 4128 2089 4209 respondendo,
2114 4130 2361 4210 primus

2476 3143 2796 3225 praesenti,
2832 3149 3051 3224 utpote
3088 3141 3409 3224 praecipua
3449 3159 3717 3203 munera
3743 3141 3969 3222 gratia·

2474 3261 2641 3316 rum,
2667 3240 3128 3304 consolationes
3158 3240 3460 3315 interum,
3494 3239 3973 3321 contemplatio—

2475 3359 2588 3404 nes
2618 3341 2919 3414 sinceraS,
2953 3339 3398 3422 quotidianum
3428 3339 3495 3400 in
3526 3338 3969 3421 spiritualibus

2474 3439 2666 3502 rebus
2707 3437 3087 3521 profectum,
3123 3455 3345 3521 pacem
3384 3438 3722 3511 internam,
3752 3436 3972 3499 interi-

2472 3555 2611 3602 ores
2651 3537 2928 3602 divitiaS.
2964 3536 3059 3599 Fit
3097 3553 3355 3618 quoque
3393 3536 3471 3598 de
3509 3553 3779 3598 numero
3814 3535 3971 3597 ami-

2476 3655 2697 3701 corum
2735 3635 3154 3716 filiorumque
3194 3634 3345 3714 Dei3
3396 3641 3459 3696 et
3496 3652 3716 3697 omnes
3762 3633 3969 3714 angeli

2475 3753 2547 3798 ac
2588 3735 2758 3797 Beati
2808 3741 3000 3816 atque
3042 3733 3275 3808 devoti,
3312 3741 3381 3795 ut
3420 3731 3699 3794 amicum
3744 3739 3809 3794 et
3848 3731 3973 3794 fra-

2474 3841 2639 3896 trem
2668 3833 3067 3896 familiariter
3094 3831 3363 3913 diligunt
3390 3849 3552 3893 eum.
3566 3829 3735 3902 Quod
3766 3839 3969 3892 tamen

2475 3932 2963 4013 intelligendum
3021 3938 3137 4006 est,
3189 3930 3240 3992 si
3302 3927 3561 4011 praefata
3606 3928 3973 4010 relinquen-

2473 4031 2575 4104 do,
2620 4030 2811 4092 simul
2861 4028 3121 4111 abjiciat
3167 4044 3388 4092 omnes
3426 4045 3645 4090 eorum
3686 4026 3967 4089 carnales

2470 4128 2742 4192 affectus
2784 4128 3173 4208 vitiososque
3216 4133 3447 4200 motuS,
3491 4143 3607 4187 nec
3646 4125 3836 4187 corde
3874 4143 3967 4186 re-

862 4221 930 4283 in
969 4221 1355 4285 admissione
1391 4223 1746 4287 coelestium
1787 4234 2198 4303 secretorum,
2234 4229 2365 4310 pri·
2393 4229 2443 4291 D
2472 4229 2615 4291 deat
2672 4227 2739 4289 in
2796 4227 3157 4309 AEgyptum,
3210 4224 3489 4307 priorem
3546 4223 3964 4304 relinquendo

864 4338 1008 4382 mus
1057 4319 1124 4382 in
1172 4321 1546 4384 excellentia
1593 4323 2070 4400 miraculorum,
2122 4327 2365 4408 magni-

863 4417 1086 4481 tudine
1129 4417 1617 4497 heneficiorum,
1661 4422 2028 4504 praelatione
2069 4425 2361 4490 omnium

866 4515 1391 4582 Christianorum.
1432 4518 1646 4582 Talem
1688 4541 1968 4603 namque
2011 4523 2359 4606 primatum

867 4615 1081 4679 decuit
1109 4616 1374 4698 plenum
1404 4616 1634 4681 Christi
1667 4619 1976 4683 vicarium
2007 4641 2197 4704 super
2227 4624 2361 4686 uni-

866 4731 1115 4778 versam
1163 4713 1534 4780 Ecclesiam.
1567 4719 1731 4780 Ecce
1775 4739 1888 4780 nos
1935 4719 2219 4802 Apostoli
2258 4724 2361 4784 di-

866 4815 1164 4876 misimus
1219 4816 1441 4876 omnia
1498 4817 1874 4898 temporalia
1944 4826 2207 4902 propter
2270 4828 2355 4896 te,

864 4918 1176 4994 quantum
1205 4912 1284 4974 ad
1315 4913 1696 4989 dominium,
1729 4916 1846 4978 etsi
1879 4936 2004 4981 non
2044 4927 2359 4999 quantum

862 5011 942 5072 ad
983 5029 1192 5086 usum,
1234 5021 1296 5072 et
1335 5015 1537 5074 secuti
1573 5034 1798 5076 sumus
1837 5025 1916 5088 te,
1958 5035 2086 5080 non
2138 5035 2363 5100 corpo-

865 5107 1080 5170 raliter
1137 5109 1366 5185 solum,
1429 5112 1538 5174 sed
1599 5112 2017 5194 spiritualiter
2052 5130 2355 5198 quoque,

865 5206 1200 5282 credendo,
1247 5207 1624 5284 obediendo,
1671 5212 1961 5276 amando.
2003 5211 2141 5277 Non
2186 5215 2358 5277 enim

867 5301 1112 5368 sufficit
1158 5307 1432 5371 exterior
1475 5308 1862 5373 exteriorum
1911 5310 2180 5387 relictio,
2232 5310 2357 5374 nisi

2470 4325 2811 4401 fervorem,
2854 4333 2917 4386 et
2958 4342 3163 4406 quum
3213 4321 3444 4405 spiritu
3490 4321 3777 4403 coeperit,
3818 4339 3965 4383 con·
3990 4331 4197 4381 camma.

2473 4425 2851 4487 summando
2908 4423 2975 4485 in
3034 4438 3244 4484 carne.
3295 4421 3487 4497 Alias,
3539 4427 3798 4482 externa
3856 4418 3964 4482 illa

2473 4523 2721 4586 relictio
2766 4521 2923 4604 quid
2964 4521 3332 4602 prodesset?
3370 4517 3861 4599 pavendumque
3902 4516 3962 4578 ei

2472 4629 2639 4685 esset
2686 4621 2859 4702 quod
2907 4619 2973 4682 in
3021 4616 3399 4700 Apocalypsi
3445 4615 3746 4679 Dominus
3796 4633 3964 4678 com-

2472 4721 2753 4784 minatur
2794 4737 2807 4782 :
2848 4717 3062 4780 Habeo
3106 4717 3410 4779 adversus
3449 4721 3511 4776 te
3551 4733 3771 4796 pauca,
3811 4713 3963 4795 quia
4002 4723 4196 4784 Apama.

2472 4819 2797 4883 caritatem
2827 4823 3001 4878 tuam
3037 4815 3307 4897 primam
3338 4812 3686 4895 reliquisti3
3720 4829 3963 4875 memor
3986 4796 4024 4836 ⁵·

2471 4927 2604 4981 esto
2653 4917 2869 4997 itaque
2919 4915 3085 4976 unde
3132 4911 3467 4986 excideriS,
3508 4918 3573 4974 et
3607 4929 3721 4992 age
3760 4910 3962 4992 poeni-

2468 5015 2755 5089 tentiam,
2815 5011 3056 5093 alioqui
3116 5010 3303 5074 venio
3360 5009 3477 5072 tibi
3536 5009 3684 5072 cito.
3744 5011 3830 5070 Ec
3890 5009 3959 5068 in

2468 5118 2697 5178 soeculo
2727 5115 2959 5193 futuro
2994 5113 3195 5172 vitam
3223 5118 3550 5176 oeternam,
3581 5108 3701 5172 hoc
3734 5114 3831 5169 est
3859 5107 3963 5170 be-

2467 5213 2750 5277 atificam
2800 5211 2908 5273 Dei
2962 5209 3297 5284 visionem,
3348 5207 3687 5289 gloriosam
3740 5223 3961 5289 super-

2467 5310 2851 5374 beatissima>
2881 5306 3205 5372 Trinitatis
3240 5304 3634 5380 fruitionem,
3666 5303 3959 5367 facialem
