4300 6259
30 1980 173 2022 [Cor.
190 1980 335 2029 amo.

36 3364 169 3407 leid.
184 3364 343 3411 1137,

100 4744 267 4787 Recta.
288 4755 335 4783 ιιι

1236 508 1589 557 mammo
1630 508 1695 555 m
1736 507 1875 555 cAP.
1921 506 1942 552 1
1984 507 2262 555 JOANNIS.
2309 528 2390 539 —·
2429 510 2570 555 Am.
2615 509 2656 553 V

3373 491 3490 556 301

370 677 661 755 sionem,
698 680 785 743 ita
812 683 984 763 quod
1022 680 1253 761 dignus
1294 678 1371 741 fit
1398 678 1723 743 Divinitati
1762 678 1897 740 fru-
1922 675 1973 737 A
2004 686 2065 740 to
2114 678 2179 739 in
2232 678 2435 743 oculis
2494 678 2768 762 propriis
2825 679 3019 742 fuerit
3068 679 3257 742 vilior
3302 686 3495 759 atque

372 777 557 839 endo
616 778 811 853 uniri,
873 780 1194 860 quomodo
1249 778 1518 840 Joannes
1582 795 1707 839 non
1771 775 1895 838 fuit

372 874 623 956 dignus
655 876 903 940 Christo
933 878 999 939 in
1030 877 1468 959 corporalibus
1496 876 1894 939 ministrare?

370 971 461 1035 Et
494 976 1014 1056 respondendum
1047 976 1390 1057 dupliciter
1424 994 1437 1038 ε
1475 975 1701 1049 Primo,
1721 975 1891 1056 quod

371 1072 712 1154 loquendo
757 1075 835 1137 de
873 1074 1109 1139 Ioanne
1158 1075 1509 1137 secundum
1551 1093 1665 1135 sua
1706 1081 1890 1135 natu-

374 1172 548 1233 ralia
595 1178 867 1247 tantum,
922 1191 1047 1237 non
1105 1172 1229 1235 fuit
1287 1173 1517 1254 dignus
1567 1172 1889 1235 Christum

372 1268 734 1352 baptizare,
788 1270 890 1333 vel
940 1271 997 1333 ei
1058 1271 1125 1333 in
1184 1272 1452 1334 minimo
1503 1271 1885 1345 ministrare,

375 1376 653 1450 propter
712 1367 1035 1432 infinitam
1094 1370 1467 1450 dignitatem
1516 1368 1745 1432 Christi
1798 1386 1892 1430 se-

374 1468 674 1529 cundum
714 1488 895 1531 suam
934 1469 1256 1547 deitatem,
1288 1475 1352 1530 et
1390 1476 1649 1551 propter
1686 1468 1893 1550 pleni-

376 1566 681 1629 tudinem
729 1568 949 1648 gratiae
997 1587 1127 1631 suae
1174 1568 1587 1630 humanitatis
1633 1586 1647 1630 :
1694 1574 1756 1629 et
1798 1567 1890 1629 sic

376 1664 677 1747 loquitur
725 1668 803 1729 de
860 1686 927 1729 se
974 1667 1264 1731 loannes.
1316 1666 1429 1729 Vel
1478 1666 1763 1748 loquitur
1812 1668 1891 1728 de

376 1782 477 1837 se,
516 1766 870 1827 secundum
910 1767 1082 1848 quod
1120 1766 1337 1847 aliquo
1374 1766 1563 1828 modo
1594 1763 1716 1828 fuit
1747 1783 1893 1848 pec-

2002 776 2327 841 declivior.
2384 777 2456 839 Et
2503 778 2553 839 si
2603 777 2869 843 Ioannes
2921 778 3238 860 reputavit
3285 795 3352 839 se
3401 777 3496 839 in-

2002 873 2264 953 dignum
2334 874 2580 937 solvere
2645 874 2978 956 corrigiam
3039 875 3496 937 calceamento-

2002 991 2143 1033 rum
2175 972 2428 1046 Christi,
2463 992 2664 1053 quum
2696 981 2861 1035 esset
2887 974 3130 1037 amicus
3164 992 3497 1056 paranym-

2002 1071 2299 1153 phusque
2328 1070 2570 1153 Sponsi,
2597 1072 3102 1154 consanguineus
3143 1072 3405 1145 Domini,
3432 1080 3496 1135 et

2000 1170 2301 1245 breviter,
2345 1170 2487 1233 talis
2525 1190 2598 1233 ac
2642 1178 2852 1233 tantus
2897 1173 3068 1253 quod
3110 1172 3274 1234 inter
3313 1180 3490 1235 natos
3545 1190 3785 1241 mamm,

2001 1269 2345 1332 mulierum
2387 1289 2512 1333 non
2553 1271 2746 1332 fuerit
2784 1273 2986 1353 major
3022 1289 3097 1334 eo
3131 1291 3144 1335 :
3179 1272 3494 1353 quomodo
3524 1256 3590 1298 ¹¹·

2002 1388 2114 1431 nos
2157 1369 2398 1451 pusilli,
2433 1378 2557 1433 tam
2598 1370 3038 1445 irreverenter,
3074 1378 3137 1433 et
3175 1371 3496 1434 intimora-

2000 1476 2081 1541 te,
2110 1476 2174 1529 et
2205 1466 2620 1530 inaffectuose
2658 1469 3019 1531 accedimus
3061 1470 3493 1532 venerandum

2001 1566 2107 1627 Dei
2157 1566 2373 1641 altare,
2417 1574 2478 1628 et
2526 1566 2843 1629 Christum
2895 1586 3338 1631 consecramus
3387 1576 3494 1631 aut

2000 1665 2364 1727 sumimus?
2407 1664 2832 1727 Humiliemur
2873 1666 3067 1747 igitur
3109 1667 3229 1729 sub
3275 1676 3495 1750 poten·
3522 1681 3784 1733 1Petr.v,o.

2000 1763 2047 1824 ti
2088 1782 2280 1825 manu
2327 1762 2431 1825 Dei
2470 1780 2484 1825 τ
2521 1770 2584 1825 et
2619 1763 2928 1827 faciamus
2977 1765 3292 1847 quidquid
3338 1784 3496 1848 prae-
3523 1781 3784 1887 wlmaxvu.

378 1870 584 1937 cator‚
623 1872 937 1945 quantum
976 1865 1054 1927 ad
1094 1863 1366 1927 venialia
1408 1863 1837 1925 minutissima
1872 1882 1885 1926 :
1927 1860 1974 1922 B
2002 1870 2256 1944 ceptum
2315 1869 2411 1923 est
2463 1861 2645 1925 nobis
2700 1870 2762 1925 et
2813 1864 3130 1945 quidquid
3180 1864 3490 1941 valemuS,

373 1962 569 2043 juxta
605 1980 800 2044 quem
841 1964 1102 2026 modum
1141 1962 1392 2037 PauluS,
1426 1962 1559 2026 Non
1600 1982 1743 2025 sum
1770 1963 1893 2043 (in-

374 2061 559 2143 quit)
606 2060 837 2141 dignus
886 2061 1097 2124 vocari
1149 2060 1495 2143 apostolus.
1548 2060 1890 2142 Loquendo

374 2167 601 2221 autem
634 2160 713 2221 de
737 2158 974 2222 Joanne
1003 2160 1357 2222 secundum
1386 2159 1891 2241 magnitudinem

368 2258 605 2339 gratiae
652 2257 774 2319 sibi
833 2258 1097 2332 collatae,
1152 2258 1381 2339 dignus
1430 2257 1555 2320 fuit
1602 2260 1681 2321 ad
1730 2259 1886 2333 haee,

375 2356 744 2439 praesertim
791 2356 871 2419 ob
920 2375 1101 2419 suam
1156 2355 1723 2438 profundissimam
1772 2357 1891 2419 hu-

372 2455 745 2518 militatem.
797 2454 1088 2518 Secundo
1138 2456 1501 2530 dicendum,
1553 2457 1725 2537 quod
1778 2456 1892 2517 ali-

374 2556 533 2637 quis
566 2554 799 2617 dicitur
827 2554 1059 2635 dignus
1100 2573 1215 2636 per
1246 2554 1781 2637 comparationem
1812 2556 1888 2617 ad

375 2653 735 2733 Christum,
768 2651 1111 2734 dupliciter
1145 2671 1158 2715 :
1202 2652 1433 2728 Primo,
1469 2653 1885 2735 simpliciter:

376 2753 477 2815 sic
525 2752 797 2815 loannes
854 2752 933 2814 ad
992 2752 1112 2814 ista
1169 2752 1399 2833 dignus
1451 2771 1577 2815 non
1626 2753 1885 2815 exstitit.

374 2851 700 2924 Secundo,
740 2850 923 2931 juxta
971 2851 1231 2913 modum
1282 2850 1576 2913 humanae
1622 2851 1892 2914 conditi-

376 2950 527 3013 onis
570 2968 647 3013 ac
687 2948 1131 3031 possibilitatis
1166 2967 1179 3011 :
1225 2948 1317 3011 sie
1353 2948 1621 3011 Joannes
1660 2950 1889 3030 dignus

2002 1967 2284 2041 tuncque
2326 1978 2401 2022 ex
2438 1962 2628 2023 corde
2669 1962 2977 2034 dicamus.
3019 1961 3196 2026 Servi
3238 1963 3496 2025 inutiles

2003 2078 2270 2139 sumus;
2317 2066 2378 2121 et
2428 2058 2658 2122 Christi
2709 2061 3118 2125 sacramentis
3168 2081 3314 2125 cum
3363 2081 3499 2125 om-

2004 2156 2066 2218 ni
2114 2157 2389 2238 puritate
2435 2176 2507 2219 ac
2561 2159 2915 2221 reverentia
2965 2160 3492 2242 propinquemus.

2002 2253 2256 2317 Praestet
2299 2255 2419 2319 hoc
2468 2255 2625 2318 mihi
2675 2264 2739 2319 et
2786 2258 3014 2320 ceteris
3062 2258 3496 2339 indigentibus

2004 2352 2314 2415 ChristuS.

2108 2450 2363 2533 Mystice
2431 2471 2544 2534 per
2609 2453 3054 2531 calceamenta,
3117 2456 3496 2538 intelligitur

2003 2549 2234 2612 Christi
2293 2550 2652 2613 humanitas
2710 2572 2746 2614 a
2793 2553 2998 2618 Verbo
3056 2554 3326 2635 induta3
3383 2574 3498 2638 per

2004 2650 2254 2730 pedem,
2311 2650 2610 2712 divinitas
2669 2651 3063 2715 humanitate
3117 2660 3281 2716 tecta
3337 2673 3498 2736 quo-

2004 2748 2340 2811 dammodo
2397 2756 2459 2809 et
2518 2749 2764 2830 velata3
2822 2770 2936 2834 per
2991 2752 3324 2834 corrigiam
3388 2772 3494 2815 ve-

2004 2865 2093 2920 ro,
2128 2846 2283 2909 unio
2323 2846 2677 2929 utriusque.
2710 2848 2978 2911 Joannes
3016 2868 3165 2932 ergo
3207 2869 3332 2914 non
3375 2850 3498 2913 fuit

2002 2945 2231 3025 dignus
2290 2945 2626 3026 corrigiam
2684 2946 3256 3012 calceamentorum
3315 2950 3496 3033 pedis

374 3056 521 3111 erat
546 3050 625 3110 ad
659 3048 797 3110 ista.
834 3048 966 3110 lmo
1003 3046 1095 3109 sie
1134 3047 1324 3111 homo
1362 3048 1591 3129 dignus
1630 3056 1726 3110 est
1756 3068 1891 3111 cor·
1929 3047 1972 3111 C
2002 3042 2234 3106 Christi
2285 3044 2653 3119 dissolvere,
2705 3046 2858 3126 quia
2913 3066 3040 3109 non
3097 3048 3302 3129 potuit
3354 3066 3497 3131 per-

380 3166 507 3230 pus
540 3146 772 3210 Christi
812 3163 1185 3208 consecrare
1224 3152 1287 3207 et
1324 3147 1729 3208 manducare.
1762 3147 1909 3245 Ali3

380 3254 483 3309 ter
510 3264 735 3309 omnes
768 3245 1241 3318 damnaremur,
1267 3244 1517 3307 dicente
1546 3244 1883 3327 Apostolo:

379 3344 787 3425 Quicumque
830 3342 1309 3405 manducaverit
1358 3362 1588 3425 corpus
1636 3344 1887 3408 Domini

378 3444 671 3525 indigne,
711 3442 1027 3523 judicium
1072 3440 1195 3506 sibi
1242 3442 1598 3516 manducat,
1641 3451 1704 3504 et
1743 3461 1889 3505 reus

377 3544 509 3605 erit
546 3540 831 3623 corporis
861 3539 1133 3603 Domini.
1170 3538 1297 3603 Hoc
1338 3541 1525 3603 modo
1556 3540 1744 3622 Virgo
1782 3541 1891 3604 be-

378 3641 639 3705 nedicta
667 3640 859 3721 digna
888 3638 1011 3701 fuit
1037 3638 1268 3701 Filium
1301 3636 1409 3700 Dei
1449 3640 1787 3721 concipere
1826 3649 1889 3703 et

376 3741 639 3803 lactare.
674 3738 778 3800 Sic
815 3754 1077 3819 quoque
1102 3736 1312 3817 justus
1353 3736 1583 3817 dignus
1624 3746 1718 3800 est
1759 3739 1889 3801 vita

373 3847 638 3901 aeterna.
676 3835 749 3898 Et
780 3836 1032 3899 videtur
1070 3835 1343 3915 dignitas
1386 3835 1504 3898 ista
1532 3834 1785 3898 fundari
1819 3838 1883 3899 in

374 3938 656 4019 quadam
705 3934 1014 3997 benevola
1062 3933 1495 4015 acceptatione
1544 3934 1886 3998 voluntatis

374 4035 639 4107 divinae,
674 4051 819 4115 quae
858 4032 1059 4094 libere
1105 4031 1305 4094 voluit
1347 4031 1637 4095 homines
1678 4033 1887 4096 taliter

374 4130 747 4215 dignificari
793 4148 909 4212 per
947 4128 1238 4211 gratiam.

2001 3140 2168 3205 fecte
2223 3143 2598 3226 mysterium
2655 3143 3131 3219 incarnationiS,
3194 3163 3306 3208 seu
3367 3166 3501 3211 mo-

2004 3242 2158 3303 dum
2189 3240 2598 3323 hypostaticae
2635 3242 2888 3304 unionis
2927 3243 3222 3315 humanae
3260 3253 3502 3309 naturae

2003 3360 2149 3403 eum
2181 3340 2408 3416 Verbo,
2441 3339 2781 3422 explicare.
2818 3341 2950 3404 Imo
2980 3342 3099 3406 hoc
3128 3344 3376 3407 excedit
3404 3344 3502 3406 in-

2003 3439 2327 3502 tellectum
2379 3458 2504 3501 non
2561 3439 2766 3502 solum
2817 3440 3101 3503 omnium
3155 3442 3492 3517 viatorum,

2003 3539 2111 3600 sed
2159 3547 2222 3601 et
2262 3537 2688 3621 angelicorum
2727 3538 3094 3619 spirituum.

2082 3642 2259 3709 Hoec,
2293 3637 2538 3700 scilicet
2573 3637 2979 3718 interrogatio
3017 3638 3398 3714 Judaeorum,
3432 3650 3496 3703 et

2002 3736 2332 3818 responsio
2370 3735 2862 3817 testificatioque
2901 3736 3156 3800 Joannis
3205 3739 3282 3800 de
3320 3738 3496 3801 Chri-

2001 3842 2117 3908 sto,
2154 3837 2224 3895 in
2265 3835 2590 3895 Bethania
2632 3835 2808 3910 faeta
2851 3844 3007 3895 sunt
3050 3844 3232 3898 trans
3264 3840 3497 3899 Jorda-

1998 3954 2172 4003 nem,
2195 3934 2314 3997 hoc
2343 3941 2439 3995 est
2469 3933 2534 3995 in
2566 3933 2676 3995 illa
2704 3932 3003 3997 Bethania
3031 3954 3176 4017 quae
3205 3944 3301 3999 est
3332 3937 3496 4000 ultra

1998 4033 2356 4105 Iordanem,
2409 4031 2474 4093 in
2533 4040 2699 4094 terra
2756 4033 3024 4095 duarum
3081 4034 3368 4097 tribuum
3421 4056 3494 4099 ac

1998 4131 2244 4193 mediae.
2294 4128 2528 4211 Estque
2565 4128 2864 4193 Bethania
2907 4131 3016 4194 illa
3055 4152 3248 4215 supra
3283 4134 3496 4197 Jorda-

466 4231 541 4294 ln
592 4229 895 4293 omnibus
944 4228 1045 4290 his
1097 4229 1576 4291 commendatur
1624 4238 1689 4292 et
1746 4231 1888 4292 imi·
1917 4237 1964 4297 D
2002 4247 2145 4291 nem
2179 4228 2319 4289 sita.
2355 4229 2474 4289 Ubi
2501 4237 2640 4289 erac
2667 4231 2945 4290 loannes
2974 4233 3341 4309 baptizans,
3364 4251 3490 4297 non

376 4330 576 4393 tanda
622 4326 1012 4409 relinquitur
1053 4326 1239 4388 nobis
1286 4327 1519 4389 eximia
1561 4327 1887 4391 humilitas

382 4428 449 4492 S.
480 4426 765 4501 Ioannis,
801 4426 912 4508 qui
954 4444 1157 4507 quum
1196 4432 1385 4487 tantae
1415 4427 1762 4489 sanctitatis
1794 4446 1891 4489 re-

388 4526 871 4611 putationisque
909 4529 1076 4586 esset
1112 4530 1180 4584 ut
1211 4522 1495 4586 Christus
1534 4532 1885 4605 putaretur,

388 4646 459 4691 se
492 4627 707 4709 ipsum
742 4622 1243 4706 profundissime
1280 4621 1659 4685 humiliavit.
1691 4625 1891 4690 Nove-
1998 4624 2129 4699 tha,
2190 4622 2378 4684 Maria
2436 4631 2498 4684 et
2553 4622 2820 4685 Lazarus
2887 4626 3251 4687 commorati
3313 4636 3483 4691 sunt.
3517 4610 3557 4650 ¹·

340 4772 355 4792 .
388 4736 487 4789 rat
525 4725 699 4788 enim
742 4723 1053 4805 scriptum
1090 4740 1104 4784 z
1138 4720 1378 4794 Quanto
1422 4721 1619 4802 major
1656 4742 1744 4799 es,
1778 4725 1892 4787 hu-

158 4820 187 4848 ¹
264 4836 277 4847 '
386 4824 575 4888 milia
618 4830 679 4885 te
723 4822 791 4884 in
835 4821 1157 4894 omnibus,
1193 4827 1255 4881 et
1298 4819 1585 4882 invenies
1624 4823 1889 4901 gratiam

388 4942 607 4988 coram
658 4921 781 4984 Deo
840 4927 903 4983 et
960 4918 1353 4982 hominibuS.
1405 4917 1673 4981 Noverat
1721 4921 1892 5001 quod

390 5023 585 5087 homo
616 5027 791 5083 tanto
821 5018 905 5081 sit
934 5036 1143 5081 coram
1180 5015 1301 5079 Deo
1330 5015 1681 5094 sublimior,
1701 5037 1897 5100 quau-

2000 4330 2064 4389 in
2114 4326 2436 4400 Bethania,
2481 4327 2589 4388 sed
2640 4326 2706 4388 in
2753 4328 2936 4409 aquis
2988 4347 3186 4411 prope
3232 4349 3493 4394 curren-

1998 4427 2193 4489 tibus.
2246 4424 2374 4488 Hoc
2421 4424 2674 4500 dicitur,
2725 4427 2804 4488 ad
2862 4426 3288 4491 differentiam
3339 4431 3493 4493 alte-

3627 3658 3698 3715 28

1999 4526 2133 4588 rius
2161 4524 2479 4587 Bethaniae
2508 4523 2665 4586 citra
2691 4524 3044 4603 Iordanem,
3079 4528 3145 4589 in
3183 4546 3313 4609 qua
3338 4529 3492 4592 Mar-
3542 4543 3779 4599 Μυκη,

2002 4724 2470 4795 Verumtamen,
2505 4723 2854 4785 secundum
2894 4721 3249 4804 Origenem,
3283 4732 3492 4791 textus

2003 4822 2159 4887 vitio
2215 4820 2598 4902 scriptorum
2656 4828 2991 4903 corruptus
3047 4830 3165 4903 est,
3215 4825 3369 4905 quia
3427 4834 3498 4887 ut

2004 4920 2250 4995 asserit,
2302 4918 2396 4981 sic
2440 4925 2651 4981 textus
2700 4918 2962 4982 baberet
3013 4939 3026 4983 :
3079 4921 3222 4985 Haec
3271 4924 3337 4985 in
3387 4924 3500 4987 Be-

2003 5019 2270 5081 thabora
2310 5016 2476 5079 lacta
2517 5024 2686 5078 sunt.
