4300 6259
525 1556 659 1599 Pron.
677 1569 774 1607 xxv,

511 2548 589 2591 1³2.
611 2562 717 2599 κιιιι,
734 2550 774 2591 4.

509 2940 677 2996 Ephe-5.
693 2955 720 2991 ι,
734 2944 774 2985 5.

526 3136 646 3179 laid.
665 3139 704 3187 8,
722 3139 763 3179 9.

573 5104 724 5147 Emori.

516 5181 661 5217 xxxin,
689 5170 753 5211 19.

805 465 884 529 12
1627 488 1974 537 manuario
2019 489 2084 535 m
2125 489 2263 536 car.
2308 490 2351 535 x
2392 488 2580 536 tucn.
2626 508 2707 520 --
2749 490 2889 536 aar.
2935 490 3107 535 xxvn

807 654 893 717 ita
935 658 1320 740 complacuit
1362 661 1693 723 voluntati.
1728 660 1860 734 Quo
1910 667 2100 744 patet,
2135 662 2307 743 quod
2338 660 2388 721 A

807 755 884 817 de
914 755 1131 819 divina
1173 759 1722 840 praedestinatione
1761 779 1834 823 ac
1865 759 2307 843 reprobatione

807 872 953 915 cum
997 858 1168 918 omni
1216 859 1588 936 reverentia,
1637 859 1944 933 timorate,
1983 878 2055 921 ac
2099 858 2308 921 sobrie

806 952 982 1034 loqui
1015 955 1341 1031 debemuS,
1365 976 1481 1020 nec
1513 976 1777 1019 summae
1807 958 2038 1020 mentis
2067 957 2309 1037 judicia

807 1062 1312 1135 praesumptuose
1357 1057 1646 1130 scrutari,
1689 1065 1799 1118 aut
1834 1056 2171 1119 temerarie
2208 1056 2309 1137 ju-

804 1150 1016 1212 dicare
1045 1171 1057 1213 :
1096 1154 1448 1234 praesertim
1479 1174 1681 1235 quum
1713 1154 2072 1216 intellectus
2107 1154 2305 1217 nostri

806 1250 1139 1329 capacitaS,
1175 1270 1211 1313 a
1249 1252 1450 1314 divini
1492 1253 1852 1315 intellectus
1893 1253 2309 1335 comprehen-

806 1348 984 1409 sione
1029 1358 1090 1411 et
1131 1350 1506 1412 excellentia
1549 1350 1824 1426 deficiat,
1870 1360 1933 1413 et
1973 1351 2309 1414 occumbat

808 1446 1062 1526 penitus
1101 1447 1377 1510 infinite.
1411 1450 1554 1512 ldeo
1588 1450 1654 1511 in
1692 1448 2048 1512 Proverbiis
2089 1449 2309 1511 asseri-

805 1550 910 1604 tur
944 1563 957 1606 :
991 1544 1166 1607 Sicut
1207 1548 1318 1627 qui
1361 1548 1484 1609 mel
1529 1548 1803 1611 comedit
1843 1548 2141 1622 multum,
2178 1567 2305 1611 non

806 1650 901 1703 est
957 1644 1014 1705 ei
1075 1644 1369 1724 bonum3
1425 1646 1516 1707 sic
1568 1647 1681 1728 qui
1739 1652 2166 1728 perscrutator
2214 1654 2309 1707 est

805 1740 1172 1821 majestatiS,
1207 1744 1606 1825 opprimetur
1647 1763 1683 1806 a
1723 1744 1944 1825 gloria.

2498 661 2643 724 Ideo
2674 661 3097 724 humiliemur
3125 661 3245 723 sub
3278 659 3521 743 potenti
3562 678 3755 722 manu
3788 660 3917 735 Dei,
3952 678 4204 729 tremat.

2418 767 2481 820 et
2540 761 2711 841 quod
2782 761 2846 821 in
2910 759 3353 823 Ecclesiastico
3421 759 3733 841 scriptum
3802 765 3916 833 est,

2418 859 2865 941 unusquisque
2914 868 3203 923 nostrum
3247 866 3480 940 satagat
3518 857 3869 940 adimplere
3902 876 3917 921 ε

2416 958 2654 1020 Altiora
2694 966 2753 1019 te
2794 976 2875 1020 ne
2922 958 3276 1040 quaesieris,
3318 965 3381 1019 et
3427 957 3689 1019 fortiora
3735 964 3799 1019 te
3841 975 3921 1019 ne
3998 972 4204 1023 Rectam,

2416 1064 2734 1118 scrutatus
2794 1056 3015 1131 fueriS‚
3070 1058 3180 1119 sed
3239 1075 3383 1138 quae
3442 1055 3745 1138 praecepit
3802 1055 3918 1117 tibi
3949 1036 4016 1077 ²²·

2415 1152 2578 1215 Deus
2611 1154 2721 1216 illa
2752 1154 2955 1235 cogita
2996 1172 3269 1236 semper.
3303 1154 3592 1216 Attamen
3631 1170 3923 1215 reveren-

2413 1252 2583 1314 tialis
2614 1272 2686 1315 ac
2719 1253 3038 1316 moderata
3072 1252 3493 1317 consideratio
3527 1251 3919 1314 mirabilium

2414 1348 2522 1411 Dei
2572 1351 3155 1432 mysteriorumque
3213 1351 3391 1424 fidei,
3445 1350 3619 1412 licita
3666 1357 3762 1412 est
3820 1350 3919 1411 his

2414 1468 2691 1531 quorum
2742 1457 3047 1532 purgatus
3092 1456 3154 1512 et
3194 1449 3593 1511 illuminatus
3643 1456 3739 1510 est
3786 1448 3922 1509 ani—

2415 1567 2581 1622 muS,
2636 1548 2801 1609 sicut
2848 1548 2935 1609 ait
2982 1547 3313 1609 Psalmista
3358 1565 3372 1609 :
3426 1546 3656 1609 Revela
3703 1547 3919 1610 oculos
3981 1563 4203 1608 amm.

2416 1664 2611 1720 meOS,
2674 1654 2736 1709 et
2796 1646 3211 1710 considerabo
3270 1646 3591 1708 mirabilia
3647 1647 3725 1707 de
3783 1646 3921 1725 lege
3952 1628 4016 1667 ¹⁸·

2416 1751 2563 1825 tua3
2606 1762 2957 1826 rursusque
2994 1762 3007 1807 :
3044 1744 3348 1807 Mirabilia
3386 1743 3751 1806 testimonia
3789 1751 3915 1819 tua,
3968 1759 4192 1802 malae.

913 1840 1149 1920 ltaque,
1212 1842 1384 1923 quod
1446 1842 1605 1903 Deus
1668 1862 1866 1904 unum
1926 1841 2189 1922 elegerit
2246 1847 2308 1903 et
2344 1844 2388 1906 B
2416 1842 2719 1923 Domine3
2764 1844 2906 1905 ideo
2946 1850 3221 1905 scrutata
3259 1850 3355 1905 est
3392 1860 3465 1904 ea
3502 1842 3714 1904 anima
3756 1859 3917 1903 mea.

803 1938 1002 2017 gratia
1043 1940 1456 2014 decoraverit,
1499 1939 1697 2001 alium
1741 1940 2178 2021 reprobaverit
2218 1946 2308 2001 at-

805 2054 932 2117 que
963 2036 1314 2117 reliquerit,
1349 2056 1537 2100 causa
1578 2038 1784 2120 prima
1814 2045 1876 2099 et
1907 2056 2179 2115 summa,
2212 2046 2308 2099 est

805 2135 1278 2217 beneplacitum
1329 2155 1440 2198 seu
1491 2136 1782 2200 voluntas
1837 2136 2042 2218 ipsius
2096 2155 2109 2199 ε
2164 2155 2309 2217 quae

804 2252 1008 2314 quum
1049 2235 1132 2296 sit
1169 2234 1590 2297 essentialiter
1629 2234 1939 2317 sapientia
1979 2242 2171 2315 atque
2208 2234 2309 2314 ju-

807 2332 979 2393 stitia
1021 2332 1182 2413 ejuS,
1220 2352 1336 2395 nec
1376 2334 1614 2413 injusta
1655 2351 1866 2415 neque
1910 2332 2309 2395 irrationabi-

807 2431 885 2492 lis
934 2449 1072 2493 esse
1127 2438 1352 2512 potest.
1405 2432 1564 2494 Hinc
1613 2433 1690 2493 de
1740 2432 2026 2514 patribus
2074 2432 2307 2495 veteris

809 2529 1190 2592 Testamenti
1245 2528 1480 2592 fatetur
1525 2530 1855 2592 Psalmista
1915 2530 2040 2593 Deo
2094 2548 2108 2592 :
2164 2530 2309 2591 Bra-

807 2629 1025 2691 chium
1064 2646 1284 2692 eorum
1329 2647 1456 2692 non
1501 2629 1768 2691 salvavit
1805 2646 1954 2709 eos3
2001 2630 2110 2691 sed
2161 2629 2309 2690 dex-

807 2736 939 2789 tera
971 2735 1096 2802 tua,
1131 2736 1195 2789 et
1223 2727 1555 2790 brachium
1591 2734 1798 2801 tuum,
1833 2737 1894 2790 et
1923 2725 2308 2790 illuminatio

807 2826 1022 2887 vultus
1069 2826 1184 2899 tui,
1232 2826 1536 2907 quoniam
1587 2826 2026 2908 complacuisti
2072 2826 2139 2888 in
2188 2826 2302 2887 eis.

806 2924 1012 3006 Atque
1062 2924 1398 3006 Apostolus
1447 2926 1523 2986 ad
1579 2924 1882 3007 Ephesios
1925 2946 1940 2989 z
1985 2924 2309 2987 Praedesti-

807 3023 983 3085 navit
1031 3042 1165 3096 nOS,
1219 3023 1450 3105 inquit,
1505 3025 1858 3085 secundum
1908 3023 2307 3105 propositum

808 3121 1150 3185 voluntatis
1187 3140 1353 3197 suae;
1387 3130 1450 3183 et
1479 3122 1630 3183 item
1661 3140 1674 3183 :
1709 3121 1918 3184 Gratia
1946 3121 2054 3184 Dei
2087 3139 2311 3203 super-

806 3220 1154 3281 abundavit
1191 3220 1257 3281 in
1302 3219 1508 3293 nobiS,
1545 3220 1609 3281 in
1651 3220 1824 3283 omni
1872 3219 2203 3301 sapientia,
2248 3227 2313 3281 et

807 3318 1164 3401 prudentia,
1211 3325 1280 3379 ut
1325 3326 1545 3380 notum
1594 3316 1830 3380 faceret
1873 3317 2058 3380 nobis
2109 3336 2312 3379 sacra-

807 3423 1094 3479 mentum
1135 3415 1477 3479 voluntatis
1527 3434 1678 3491 suae,
1721 3416 2071 3477 secundum
2121 3415 2315 3477 bene-

810 3514 1117 3597 placitum
1167 3514 1330 3595 ejuS.
1374 3550 1449 3559 —
1491 3513 1940 3576 Verumtamen
1989 3514 2136 3595 quis
2182 3533 2309 3577 non

811 3614 1040 3688 videat,
1076 3630 1271 3694 quam
1316 3611 1496 3693 pium
1539 3618 1602 3672 et
1637 3610 1882 3692 justum
1925 3630 1998 3673 ac
2041 3612 2313 3674 rationa-

810 3712 940 3774 bile
969 3712 1052 3773 sit
1090 3712 1230 3787 hoc,
1265 3711 1437 3793 quod
1482 3709 1646 3772 Deus
1687 3710 2032 3791 majestatis
2070 3730 2144 3772 ac
2180 3711 2313 3791 glo-

811 3810 920 3873 riae
950 3809 1244 3883 infinitae,
1278 3810 1442 3872 dona
1480 3827 1611 3871 suae
1649 3808 2006 3872 clementiae
2037 3810 2312 3890 gratiosa

811 3908 1022 3991 potius
1064 3907 1418 3969 humilibus
1458 3926 1650 3987 quam
1691 3907 1986 3988 superbis
2027 3926 2313 3971 commu-

811 4008 1033 4070 nicet?
1083 4006 1419 4069 Humilitas
1480 4023 1756 4087 namque
1812 4007 1888 4068 ad
1947 4006 2312 4070 divinorum

810 4106 1280 4190 susceptionem
1312 4105 1764 4168 charismatum
1800 4113 2077 4167 mentem
2110 4106 2315 4189 dispo-

2416 1976 2494 1986 —
2524 1940 2868 2016 Postremo,
2903 1942 3071 2003 circa
3101 1942 3235 2004 haec
3274 1942 3360 2003 ait
3391 1940 3727 2021 Gregorius
3762 1958 3776 2004 :
3815 1940 3921 2002 His

2417 2037 2647 2101 Christi
2698 2039 2933 2113 verbiS,
2977 2040 3343 2121 exemplum
3394 2037 3773 2101 humilitatis
3821 2056 3924 2101 ac-

2416 2137 2716 2220 cipimus,
2742 2156 2823 2200 ne
2853 2145 3091 2200 temere
3122 2138 3440 2201 discutere
3470 2156 3749 2220 superna
3777 2156 3925 2200 con-

2418 2235 2559 2297 silia
2606 2237 2683 2298 de
2730 2236 2999 2299 aliorum
3054 2236 3402 2302 vocatione.
3452 2235 3719 2298 aliorum
3773 2253 3923 2299 vero

2420 2335 2785 2416 repulsione
2835 2354 3294 2417 praesumamus
3349 2353 3363 2397 :
3418 2334 3733 2416 injustum
3784 2352 3922 2395 esse

2418 2452 2545 2496 non
2587 2439 2813 2515 potest,
2847 2434 3018 2513 quod
3059 2432 3300 2515 placuit
3338 2432 3531 2513 justo.
3566 2433 3636 2493 In
3677 2432 3921 2495 cunctis

2417 2549 2566 2613 ergo
2596 2551 2740 2614 quae
2767 2531 3047 2594 exterius
3076 2532 3524 2614 disponuntur,
3540 2538 3757 2613 aperta
3789 2551 3924 2594 cau-

2418 2649 2486 2693 sa
2525 2630 2787 2693 rationis
2827 2637 2923 2691 est
2959 2630 3223 2694 occultae
3267 2629 3514 2711 justitia
3555 2630 3919 2693 voluntatis,

2501 2732 2734 2793 Omnia
2772 2731 2941 2791 mihi
2982 2731 3229 2790 tradita
3268 2738 3422 2789 sunt
3451 2751 3491 2789 a
3522 2732 3723 2791 Patre
3762 2749 3919 2790 meo.
4056 2732 4125 2785 22

2418 2827 2546 2889 Hoc
2593 2828 2669 2889 de
2713 2826 2959 2890 Christo
3003 2828 3355 2889 secundum
3409 2834 3743 2907 utramque
3782 2826 3923 2906 ejus

2420 2933 2710 2987 naturam
2750 2925 3092 3006 exponitur
3127 2942 3140 2986 :
3177 2924 3331 3005 quia
3371 2926 3721 2987 secundum
3763 2924 3925 2986 divi-

2346 3024 2389 3088 C
2420 3042 2567 3085 nam
2604 3042 2781 3085 suam
2816 3030 3127 3098 naturam,
3163 3022 3377 3086 omnia
3406 3023 3466 3085 ei
3495 3042 3531 3084 a
3559 3021 3737 3085 Patre
3776 3031 3926 3085 sunt

2418 3122 2667 3197 tradita,
2712 3140 2787 3184 eo
2835 3122 3007 3203 quod
3058 3139 3173 3203 per
3221 3120 3695 3202 generationem
3746 3128 3925 3183 aeter-

2422 3240 2568 3282 nam
2607 3220 2852 3302 accepit
2880 3240 2917 3281 a
2946 3219 3125 3281 Patre
3164 3227 3358 3283 totam
3393 3218 3592 3282 Patris
3632 3219 3925 3281 substan—

2422 3320 2595 3394 tiam,
2640 3326 2701 3380 et
2742 3318 3060 3401 quidquid
3106 3317 3519 3393 excellentiae‚
3554 3317 3919 3400 opulentiae,

2420 3437 2493 3480 ac
2543 3416 2953 3500 perfectionis
3003 3416 3069 3479 in
3116 3436 3189 3479 ea
3246 3424 3362 3490 est,
3416 3417 3551 3479 sive
3604 3417 3669 3478 in
3717 3416 3918 3478 Patre.

2421 3515 2681 3598 Propter
2710 3517 2882 3596 quod
2914 3516 2977 3578 in
3007 3516 3244 3579 Joanne
3282 3515 3621 3598 profitetur
3652 3534 3666 3577 ε
3700 3514 3925 3577 Omnia
3950 3534 4206 3577 aarum..

2422 3632 2844 3697 quaecumque
2874 3613 3065 3676 habet
3094 3613 3293 3688 Pater,
3320 3632 3460 3675 mea
3490 3621 3658 3676 sunt.
3682 3612 3758 3675 Et
3786 3633 3927 3675 rur-
3953 3600 4020 3639 ¹⁵·

2422 3733 2530 3777 sus
2571 3713 2903 3795 alloquens
2947 3711 3189 3775 Patrem
3226 3732 3240 3775 :
3273 3712 3515 3787 Omnia,
3552 3712 3782 3794 inquit,
3819 3720 3926 3775 tua
3984 3730 4209 3776 mmm,

2424 3830 2565 3875 mea
2612 3818 2783 3886 sunt,
2837 3818 2899 3873 et
2946 3829 3087 3873 mea
3145 3819 3253 3873 tua
3301 3818 3470 3873 sunt.
3522 3811 3665 3873 Haee
3713 3817 3923 3873 autem
3956 3797 4023 3837 ¹⁰·

2423 3908 2677 3973 traditio
2716 3916 2812 3970 est
2861 3926 2975 3990 per
3018 3909 3278 3972 modum
3330 3908 3633 3970 naturalis
3676 3927 3929 3971 emana-

2425 4007 2639 4083 tioniS‚
2693 4008 2771 4069 de
2820 4026 2948 4089 qua
3000 4006 3231 4087 iterum
3282 4008 3506 4069 asserit
3552 4006 3923 4088 Unigenitus

2425 4106 2535 4168 Dei
2572 4125 2585 4170 :
2620 4105 2799 4167 Pater
2839 4106 3009 4186 quod
3050 4105 3223 4166 dedit
3258 4105 3444 4185 mihi,
3478 4104 3685 4186 majus
3723 4105 3928 4167 omni-
3956 4126 4209 4174 maaca.

811 4206 906 4267 nit
964 4213 1258 4279 creatam,
1311 4203 1616 4287 quoniam
1675 4204 1949 4267 Creatori
2009 4222 2124 4267 suo
2173 4223 2311 4266 eam
2346 4206 2395 4267 D
2424 4205 2544 4267 bus
2589 4212 2703 4266 est.
2738 4204 3026 4285 Insuper,
3060 4203 3308 4267 Christo
3350 4204 3699 4266 secundum
3746 4223 3925 4266 suam

811 4304 1167 4386 supponit3
1217 4302 1516 4385 superbia
1564 4320 1715 4365 vero
1765 4301 2130 4384 incapacem
2177 4321 2317 4383 gra—

811 4402 915 4465 tiae
959 4401 1163 4464 efficit
1205 4420 1367 4475 eam,
1411 4409 1474 4462 et
1512 4401 1786 4465 Creatori
1835 4400 2161 4463 rebellem.
2195 4400 2316 4463 Sed

813 4500 932 4563 hoc
982 4500 1192 4582 potius
1253 4499 1807 4581 imperscrutabile
1859 4505 1974 4574 est,
2029 4518 2145 4561 cur
2192 4498 2317 4562 Deo

809 4599 1143 4661 ordinante
1184 4616 1256 4659 ac
1297 4604 1696 4678 cooperante,
1727 4615 1892 4658 unus
1931 4598 2008 4659 ad
2048 4598 2319 4679 disposi-

811 4696 1049 4759 tionem
1079 4696 1297 4776 gratiae
1327 4696 1751 4777 susceptivam
1784 4695 1983 4776 magis
2015 4696 2319 4778 pertingit

811 4814 1007 4876 quam
1052 4795 1233 4868 alter,
1277 4800 1341 4855 et
1389 4812 1503 4855 cur
1550 4812 1716 4855 unus
1767 4794 1976 4875 potius
2024 4795 2321 4876 praeordi-

816 4901 1000 4955 natus
1051 4900 1146 4954 est
1204 4892 1270 4953 in
1323 4910 1431 4953 vas
1485 4889 1936 4955 misericordiae
1991 4911 2183 4973 quam
2234 4894 2322 4954 al-

817 5000 932 5053 ter.
967 4990 1127 5053 Hinc
1167 4997 1420 5051 sanctus
1451 5008 1523 5051 ac
1555 4990 2116 5072 superliberrimus
2157 4990 2320 5053 Deus

820 5090 986 5151 clare
1027 5096 1088 5150 et
1127 5087 1363 5171 inclyte
1403 5095 1784 5169 protestatur
1824 5088 1888 5149 in
1919 5088 2131 5152 Exodo
2166 5108 2179 5151 :
2214 5088 2325 5150 Mi-

820 5187 1078 5250 serebor
1137 5186 1241 5249 cui
1302 5186 1586 5259 voluero,
1640 5194 1702 5247 et
1757 5188 2038 5249 clemens
2089 5206 2199 5251 ero
2258 5189 2323 5251 in

826 5302 1020 5367 quem
1066 5284 1226 5347 mihi
1270 5283 1602 5367 placuerit.

2426 4301 2908 4376 humanitatem,
2952 4302 3179 4363 tradita
3218 4310 3368 4364 sunt
3405 4302 3638 4377 omnia,
3673 4302 3793 4366 hoc
3832 4308 3925 4363 est

2426 4401 2731 4483 praelatio,
2785 4399 3212 4481 praesidentia,
3268 4418 3379 4461 seu
3433 4400 3787 4463 dominium
3837 4408 3929 4462 to-

2427 4500 2553 4561 tius
2587 4498 2751 4561 entis
2784 4497 3001 4573 creati,
3038 4498 3125 4559 ita
3152 4499 3324 4580 quod
3355 4499 3570 4561 omnia
3608 4505 3759 4560 sunt
3786 4498 3926 4578 ejus

2426 4596 2804 4660 humanitati
2835 4596 3121 4677 subjecta
3150 4596 3229 4658 ab
3268 4596 3719 4659 incarnationis
3750 4614 3928 4658 exor-

2429 4696 2554 4759 dio.
2596 4694 2859 4777 Propter
2907 4695 3077 4776 quod
3128 4695 3216 4757 ait
3261 4695 3598 4776 Apostolus
3646 4714 3659 4757 :
3704 4693 3929 4757 Omnia
3968 4714 4211 4765 monus.

2428 4792 2758 4874 subjecisti
2790 4792 2910 4854 sub
2951 4792 3220 4875 pedibus
3251 4792 3391 4874 ejus
3418 4812 3433 4873 3
3467 4801 3530 4855 et
3569 4794 3778 4855 denuo
3811 4809 3825 4855 :
3858 4792 3925 4853 In
3996 4814 4183 4859 mam.

2428 4910 2504 4955 eo
2553 4892 2723 4973 quod
2775 4891 2949 4965 dicit,
3001 4890 3245 4965 Omnia,
3298 4890 3458 4953 nihil
3511 4890 3753 4953 dimisit
3800 4908 3925 4954 non

2431 4989 2791 5073 subjectum
2842 4990 2923 5051 ei.
2968 4988 3158 5052 Porro
3208 4990 3555 5051 secundum
3607 4988 3930 5051 Athanasi-

2433 5108 2563 5164 um,
2608 5089 2822 5152 omnia
2869 5087 3114 5151 Christo
3154 5097 3304 5150 sunt
3350 5088 3576 5150 tradita
3612 5088 3690 5149 ad
3736 5088 3930 5151 refor-

2436 5190 2761 5262 mandum,
2796 5194 2867 5249 ut
2907 5186 3074 5247 sicut
3112 5204 3226 5267 per
3267 5185 3539 5247 Verbum
3581 5185 3743 5247 facta
3780 5193 3930 5247 sunt

2438 5287 2673 5361 omnia,
2728 5286 2820 5349 sic
2878 5304 2993 5369 per
3049 5284 3328 5347 Verbum
3386 5302 3639 5346 carnem
3688 5282 3925 5346 factum
