4300 6259
1090 506 1441 554 mannum
1484 507 1547 553 m
1588 507 1727 554 CAP.
1774 506 1929 553 xxm
1970 506 2160 555 LucAE.
2206 528 2286 539 ·-—
2325 509 2467 556 Aur.
2513 512 2659 557 xux

3305 490 3426 557 237

309 687 465 732 nem
530 678 593 733 et
650 673 878 738 fletum
938 695 1181 751 earum,
1234 679 1345 740 sed
1406 678 1695 740 hortatur
1752 683 1825 738 ut
1853 677 1902 737 A
1930 678 2109 741 arido
2155 683 2599 760 comparatur?
2647 679 2806 742 Hinc
2855 679 3148 742 Salomon
3191 678 3327 741 ait:
3362 676 3424 739 Si
3455 695 3716 743 rmum.

310 787 443 831 non
478 771 571 833 ita
598 774 925 837 dumtaxat
954 777 1207 858 plorent
1238 778 1403 839 sicut
1445 777 1818 858 plorabant:

314 869 493 931 uude
559 872 891 934 admonuit
946 892 1052 937 eas
1120 883 1190 937 ut
1246 876 1438 937 etiam
1499 875 1823 957 propriam

312 966 772 1045 calamitatem,
806 980 870 1033 et
904 971 1193 1035 filiorum
1235 991 1499 1036 suorum
1544 973 1819 1055 culpam,

314 1063 866 1151 imminentesque
905 1090 1125 1153 poenas
1164 1071 1637 1153 deplangerent.
1668 1071 1823 1134 Nam

128 1162 189 1217 29
314 1163 671 1229 subditur:
717 1172 1028 1246 quoniam
1076 1190 1210 1229 ecce
1258 1172 1515 1231 venient
1561 1173 1699 1231 dies
1748 1172 1823 1232 in

311 1266 552 1342 quibus
597 1268 813 1327 dicent
860 1267 1245 1331 habitatores
1294 1277 1358 1331 et
1417 1269 1821 1331 habitatrices

309 1360 667 1425 Jerusalem
717 1383 790 1427 ac
834 1366 1062 1429 Judaeae
1114 1386 1127 1429 :
1172 1372 1392 1429 Beatae
1438 1370 1684 1429 steriles
1731 1367 1824 1429 fe-

310 1460 533 1535 minae,
569 1481 717 1543 quae
744 1481 873 1526 non
905 1476 1357 1548 conceperunt,
1386 1477 1445 1527 et
1477 1466 1642 1528 beati
1675 1486 1824 1527 ven-

313 1568 441 1619 tres
472 1565 595 1638 qui
622 1582 753 1621 non
780 1573 1173 1639 yenuerunt,
1196 1575 1257 1626 et
1286 1567 1486 1626 ubera
1520 1584 1663 1642 quae
1691 1584 1821 1625 non

311 1660 747 1731 lactaverunt,
774 1660 895 1723 hoc
932 1668 1049 1735 θεῖ,
1082 1662 1251 1724 fetus
1293 1681 1419 1725 non
1460 1662 1822 1725 habuerunt

312 1755 560 1835 quibus
610 1756 707 1819 lac
755 1758 999 1821 darent.
1036 1760 1165 1823 Hoc
1204 1760 1488 1823 Christus
1532 1759 1825 1843 praedixit

1929 777 2139 855 ¹justus
2179 778 2242 839 in
2285 786 2452 839 terra
2496 779 2743 861 recipit,
2785 786 3023 860 quanto
3065 778 3263 859 magis
3309 777 3429 839 im-

1933 876 2078 956 pius
2120 884 2185 937 et
2227 880 2572 958 peccator?

2008 976 2427 1035 Ducebantur
2463 985 2683 1036 autem
2720 983 2779 1034 et
2818 977 2943 1035 alii
2978 978 3108 1036 duo
3148 993 3426 1055 nequam
3560 983 3630 1039 32

1931 1090 2077 1131 cum
2120 1092 2208 1143 θο,
2251 1083 2324 1133 ut
2363 1075 2906 1151 interficerentur.
2957 1072 3085 1136 Hoc
3134 1072 3430 1154 inquina-

1930 1170 2161 1231 tissimi
2198 1171 2396 1234 Judaei
2445 1179 2967 1254 procuraverunt,
3012 1179 3082 1233 ut
3125 1190 3202 1233 ex
3250 1172 3432 1234 latro-

1932 1287 2081 1329 num
2114 1268 2369 1331 illorum
2400 1270 2731 1346 consorti0‚
2751 1269 3039 1333 Christus
3070 1270 3431 1333 sceleratior

1930 1374 2305 1447 appareret3
2357 1385 2476 1429 nec
2521 1367 2752 1448 legitur
2796 1368 2966 1449 quod
3013 1368 3105 1429 illi
3151 1385 3427 1449 nequam

1930 1484 2107 1526 suam
2144 1466 2410 1529 tulerint
2438 1485 2715 1541 crucem,
2753 1475 2821 1529 ut
2855 1467 3056 1529 JesuS.
3091 1465 3211 1529 Sed
3246 1466 3428 1528 Jesus

1931 1563 2065 1625 haec
2105 1584 2328 1646 passus
2366 1573 2482 1639 est,
2517 1574 2588 1627 ut
2626 1584 2740 1629 nos
2781 1565 3008 1629 merito
3046 1565 3240 1646 hujus
3285 1584 3429 1629 con-

1930 1660 2202 1724 fusionis
2261 1663 2705 1744 passionisque
2761 1683 2912 1737 suae,
2971 1664 3136 1725 inter
3193 1664 3426 1726 electos

1932 1758 2037 1820 Dei
2081 1768 2144 1821 et
2183 1761 2439 1841 angelos
2485 1768 2950 1842 computemur.

313 1854 391 1915 de
431 1861 728 1937 tempore
764 1857 1116 1921 obsidionis
1151 1858 1497 1921 Jerusalem
1537 1878 1573 1920 a
1602 1858 1823 1922 Roma·
1858 1858 1905 1920 B
2012 1860 2097 1919 Et
2118 1868 2461 1938 postquam
2490 1868 2804 1919 venerunt
2833 1861 2907 1919 in
2939 1863 3149 1921 locum
3177 1862 3294 1939 qui
3326 1880 3428 1921 vo-
3560 1868 3632 1924 33

314 1951 437 2025 nis,
474 1971 623 2033 quae
660 1954 827 2017 facta
864 1964 961 2017 est
996 1976 1165 2020 anno
1202 1957 1687 2038 quadragesimo
1728 1975 1823 2019 se-

310 2052 527 2115 cundo
570 2060 712 2133 post
750 2052 982 2116 Christi
1023 2055 1406 2136 passionem.
1441 2055 1709 2137 Fuitque
1754 2056 1821 2117 in

308 2166 383 2211 ca
440 2150 797 2214 indicibilis
856 2153 1201 2228 calamitaS,
1254 2172 1571 2236 pressura,
1630 2162 1823 2236 atque

312 2248 621 2311 moestitia
667 2250 1050 2325 Judaeorum,
1086 2253 1152 2314 in
1201 2260 1449 2315 tantum
1496 2254 1667 2334 quod
1717 2273 1824 2336 pa-

312 2356 526 2409 rentes
558 2366 707 2411 suos
741 2368 973 2431 pueros
1004 2352 1420 2414 comederunt
1448 2370 1461 2415 :
1498 2352 1639 2415 ideo
1667 2360 1823 2415 tunc

310 2443 636 2509 feliciores
684 2449 1146 2529 reputabantur
1189 2451 1300 2531 qui
1351 2450 1595 2532 absque
1644 2450 1823 2532 prole

312 2541 604 2617 fuerunt,
636 2563 832 2626 quam
863 2546 1110 2628 prolem
1153 2548 1481 2623 habenteS,
1517 2550 1823 2629 quoniam

314 2641 529 2704 minor
566 2640 693 2704 fuit
734 2643 827 2704 eis
872 2662 1060 2705 causa
1110 2645 1445 2719 moestitiae,
1478 2664 1682 2726 quum
1724 2665 1825 2709 so-

310 2737 527 2801 bolem
598 2758 725 2803 non
795 2740 1104 2804 haberent
1171 2743 1357 2823 cujus
1422 2744 1823 2807 intuerentur

314 2838 633 2899 miserias,

128 2938 190 2993 30
402 2938 586 2997 Tunc
615 2937 935 3013 incipient
975 2941 1191 2999 dicere
1220 2942 1562 3013 montibus,
1600 2943 1823 3004 Cadite

1930 1964 2117 2015 catur
2150 1957 2492 2018 Calvarioe.
2526 1956 2808 2019 Calvaria
2839 1956 3073 2018 dicitur
3100 1976 3170 2020 os
3201 1956 3426 2039 capitis

1932 2053 2218 2128 humani,
2271 2072 2480 2129 carne,
2531 2054 2720 2137 pelle,
2769 2054 3186 2136 crinibusque
3235 2055 3432 2117 nuda-

1930 2158 2090 2214 tum.
2124 2151 2390 2225 Quidam
2435 2171 2604 2234 ergo,
2641 2160 2710 2215 ut
2749 2152 2941 2215 refert
2983 2153 3425 2237 HieronymuS,

1931 2250 2296 2313 asserebant
2345 2252 2486 2315 ideo
2533 2252 2744 2315 locum
2793 2253 3008 2325 istum,
3051 2252 3294 2314 dictum
3341 2252 3430 2314 lo-

1932 2367 2078 2411 cum
2136 2348 2458 2424 Calvariae,
2521 2349 2674 2430 quia
2731 2349 2821 2411 ibi
2885 2350 3172 2432 sepultus
3234 2349 3431 2411 fuerit

1931 2446 2152 2522 Adam,
2185 2446 2456 2528 ejusque
2485 2455 2676 2530 caput
2703 2447 2792 2510 ibi
2825 2449 3152 2511 conditum
3181 2448 3335 2528 fuit3
3369 2456 3432 2509 et

1930 2546 2103 2626 quod
2142 2545 2283 2608 ideo
2323 2546 2412 2608 ibi
2454 2544 2745 2626 crucifigi
2777 2546 2978 2609 voluit
3019 2546 3326 2620 ChristuS,
3362 2556 3434 2610 ut

1933 2645 2188 2725 sanguis
2234 2644 2372 2726 ejus
2421 2662 2616 2726 super
2654 2644 2849 2727 primi
2897 2645 3176 2708 hominis
3219 2654 3432 2708 tumu-

1932 2744 2067 2805 lum
2106 2742 2464 2817 distillaret,
2499 2761 2778 2823 eumque
2820 2762 2966 2804 cum
3010 2763 3123 2805 sua
3163 2744 3430 2825 posteri-

1929 2849 2056 2917 tate
2086 2842 2376 2904 salvaret.
2411 2840 2582 2903 Hanc
2613 2841 2978 2922 opinionem
3022 2842 3431 2923 reprehendit

1930 2940 2372 3022 HieronymuS,
2426 2939 2668 3020 dicenS,
2718 2938 2914 3001 Adam
2968 2938 3166 3001 fuisse
3215 2941 3430 3023 sepul-

312 3054 511 3111 super
557 3054 713 3106 nos-,⁰
760 3045 818 3095 et
863 3039 1153 3109 collibus
1212 3040 1465 3116 Operice
1510 3060 1647 3101 nos,
1692 3040 1823 3103 Hoc
1859 3037 1902 3100 C
1932 3046 2063 3101 tum
2104 3038 2284 3120 juxta
2321 3038 2594 3112 Hebron,
2630 3044 2700 3099 ut
2727 3054 2804 3099 ex
2845 3037 3010 3101 libro
3036 3038 3222 3102 Josue
3260 3057 3429 3103 com-

312 3132 563 3214 quippe
602 3133 922 3209 dixerunt,
958 3134 1059 3198 vel
1102 3152 1180 3197 ex
1223 3135 1684 3217 desperatione,
1720 3138 1819 3200 vel

312 3230 391 3291 ad
434 3230 897 3295 insinuandum
941 3233 1446 3314 magnitudinem
1490 3254 1621 3297 suae
1662 3235 1825 3298 cala-

314 3328 554 3392 mitatis
614 3349 691 3393 ac
740 3330 1171 3406 desolationiS,
1222 3333 1322 3396 vel
1373 3352 1449 3395 ex
1507 3334 1823 3398 desiderio

312 3426 670 3509 effugiendi
710 3429 1103 3493 adversarios
1142 3448 1311 3493 suos.
1347 3430 1525 3494 Tunc
1562 3450 1819 3514 quoque

312 3526 502 3589 multi
530 3526 893 3590 Judaeorum
931 3526 1236 3608 fugerunt
1272 3530 1350 3591 ad
1390 3548 1689 3593 cavernas
1728 3539 1823 3594 at-

312 3642 441 3704 que
498 3624 863 3706 speluncas.
914 3624 1070 3688 Nam
1124 3634 1187 3688 et
1238 3626 1549 3709 Iosephus
1597 3630 1819 3692 scribit

314 3741 381 3785 se
417 3732 575 3785 tunc
615 3742 765 3786 cum
802 3724 1221 3805 quadraginta
1258 3726 1411 3788 viris
1453 3727 1517 3789 in
1558 3729 1820 3810 spelun-

312 3841 451 3883 cam
491 3824 839 3904 quamdam
878 3821 1141 3903 fugisse.
1184 3822 1390 3885 Simili
1432 3842 1623 3887 sensu
1662 3828 1820 3889 scri-

70 3936 161 3981 om
176 3955 214 3991 ι,
234 3946 272 3986 s.
316 3928 492 4003 ptum
528 3929 627 3983 est
658 3939 775 4003 per
802 3920 957 3983 Osee
991 3942 1005 3985 :
1041 3922 1263 3985 Dicent
1290 3924 1636 4004 montibus,
1660 3924 1819 4008 Ope-

312 4020 431 4081 rite
488 4038 647 4101 nos3
699 4028 763 4082 et
814 4020 1111 4095 collibuS,
1163 4020 1375 4084 Cadite
1434 4041 1627 4104 super
1674 4042 1811 4086 nos.

309 4116 482 4190 Quod
523 4126 590 4181 et
627 4119 706 4181 de
736 4126 1023 4200 tempore
1063 4119 1231 4181 circa
1267 4118 1463 4182 finale
1498 4121 1813 4200 judicium

1932 3136 2257 3219 probatur.
2301 3136 2624 3218 Scriptum
2667 3144 2763 3197 est
2809 3136 2983 3198 enim
3026 3136 3093 3199 in
3133 3137 3298 3201 libro
3335 3137 3428 3201 Jo-

1931 3254 2043 3297 sue
2078 3254 2091 3298 :
2127 3236 2324 3298 Adam
2364 3234 2680 3296 maximus
2715 3234 2804 3296 ibi
2845 3235 3004 3297 situs
3033 3245 3150 3311 est,
3183 3236 3428 3300 scilicet
3478 3255 3609 3301 ame
3623 3273 3709 3310 nv.

1930 3335 1995 3397 in
2047 3334 2353 3416 spelunca
2400 3334 2665 3416 duplici,
2719 3334 2827 3396 ubi
2879 3334 3194 3397 Abraham
3243 3356 3422 3398 suam
3456 3322 3713 3436 'amma'

1928 3433 2268 3513 conjugem
2296 3433 2526 3513 legitur
2555 3432 2886 3514 sepeliisse
2914 3434 2982 3495 in
3011 3433 3258 3497 Genesi.
3280 3434 3424 3498 Pro·
3451 3446 3517 3487 ¹⁹-

1930 3538 2071 3613 pter
2100 3532 2273 3612 quod
2309 3530 2559 3593 Hebron
2591 3530 2746 3593 olim
2779 3530 3120 3593 vocabatur
3148 3532 3423 3595 Cariath-

1926 3629 2099 3703 arbe,
2143 3629 2207 3690 id
2253 3636 2348 3691 est
2391 3629 2614 3691 civitas
2656 3636 2951 3710 quatuor,
2993 3647 3068 3693 eo
3110 3632 3281 3712 quod
3329 3631 3417 3694 ibi

1926 3727 2162 3809 sepulti
2235 3727 2366 3789 sint
2427 3734 2700 3808 quatuor
2771 3727 2981 3806 magni
3049 3726 3422 3793 Patriarchae

1925 3845 2069 3888 curn
2122 3825 2426 3889 uxoribus
2476 3824 2633 3900 suiS,
2687 3824 2982 3888 videlicet
3027 3824 3222 3888 Adam
3272 3845 3418 3890 cum

1924 3924 2073 3997 Eva,
2115 3923 2430 3989 Abraham
2480 3941 2624 3985 cum
2675 3922 2845 3998 Sara,
2895 3922 3062 3985 Isaac
3112 3943 3254 3986 cum
3307 3924 3421 3989 Re-
3483 3943 3708 3999 (biam,

1924 4024 2138 4097 becca,
2178 4022 2365 4085 Jacob
2409 4041 2557 4085 cum
2595 4021 2726 4084 Lia.
2768 4021 3214 4085 Verumtamen
3258 4023 3420 4088 Tho-
3445 4008 3706 4120 ξζζξῗῑῗθῖ

1924 4141 2058 4183 mas
2108 4140 2302 4203 super
2341 4119 2574 4181 Lucam
2621 4119 2848 4183 scribit
2880 4119 3293 4184 Athanasium
3331 4124 3418 4186 di-

312 4214 583 4297 intelligi
631 4224 859 4299 potest,
903 4216 968 4278 in
1009 4235 1139 4298 quo
1181 4218 1455 4279 maxima
1492 4218 1817 4284 tribulatio
1845 4233 1894 4293 D
1923 4238 2087 4295 cere,
2139 4220 2310 4301 quod
2353 4218 2709 4281 Judaeorum
2764 4219 3048 4280 doctores
3090 4219 3418 4284 affirmant

130 4315 187 4373 31
314 4316 453 4376 erit.
491 4317 665 4383 Quia
697 4317 758 4375 xi
795 4318 869 4377 in
900 4316 1113 4376 viridi
1150 4318 1325 4392 liquo
1366 4319 1498 4378 hoec
1528 4320 1813 4397 faciunt,

318 4412 433 4476 hoc
478 4421 602 4488 est,
642 4413 697 4474 si
738 4413 843 4475 isti
884 4413 1093 4495 iniqui
1144 4431 1249 4475 me
1286 4413 1371 4476 ita
1420 4418 1717 4479 occidunt
1753 4426 1816 4480 θῖ

316 4519 569 4587 vexant,
621 4511 737 4593 qui
795 4512 985 4575 viridi
1046 4512 1216 4593 ligno
1274 4512 1612 4589 assimilor,
1663 4517 1817 4597 quia

312 4609 549 4691 jugiter
596 4610 827 4691 plenus
884 4610 980 4671 fui
1038 4619 1099 4671 et
1150 4630 1295 4673 sum
1350 4612 1639 4675 omnium
1689 4614 1817 4678 vir-

316 4716 522 4771 tutum
567 4708 781 4771 fructu
827 4716 892 4770 et
930 4708 1092 4771 flore
1132 4708 1539 4791 perfectionis
1580 4712 1817 4775 virore-

318 4825 440 4888 que
493 4807 739 4889 gratim,
788 4807 876 4869 ita
928 4808 1100 4889 quod
1159 4827 1273 4890 per
1330 4817 1596 4872 mortem
1651 4811 1814 4875 hanc

320 4905 663 4969 violentam
700 4905 989 4968 abscindi
1021 4912 1085 4967 et
1117 4906 1249 4969 tolli
1290 4926 1416 4970 non
1449 4909 1651 4969 merui
1682 4929 1697 4989 3
1740 4912 1813 4972 in

320 5008 504 5065 arido
533 5007 701 5085 quid
726 5006 878 5081 fiet?
918 5004 982 5067 id
1020 5013 1137 5079 est,
1164 5005 1370 5086 qualis
1406 5006 1527 5067 erit
1564 5008 1814 5088 punitio

319 5099 588 5165 Judaicae
645 5101 853 5184 plebis
911 5121 1014 5165 me
1063 5105 1528 5185 persequentis,
1579 5107 1817 5169 omnis-

321 5218 445 5281 que
492 5199 725 5282 iniqui,
770 5201 881 5280 qui
936 5210 1195 5283 propter
1237 5203 1543 5265 virtutum
1594 5223 1813 5267 caren-

322 5298 471 5361 tiam
528 5307 595 5361 et
655 5299 985 5382 pravitatis
1052 5300 1573 5363 infecunditatem
1642 5302 1814 5383 ligno

1922 4320 2119 4381 Adam
2181 4319 2250 4380 in
2307 4318 2444 4380 loco
2493 4316 2792 4380 Calvariae
2844 4335 2982 4379 esse
3039 4320 3408 4400 sepultum:

1922 4426 1986 4479 et
2021 4417 2184 4481 forte
2221 4416 2421 4497 aliqui
2449 4414 2807 4478 Judaeorum
2849 4416 3133 4478 doctores
3170 4418 3408 4500 opinati

1922 4522 2071 4578 sunt
2119 4515 2226 4576 ita.
2277 4514 2502 4575 Verius
2558 4520 2770 4575 tamen
2820 4521 2916 4575 est
2963 4514 3171 4577 locum
3219 4517 3411 4580 istum

1922 4615 2162 4677 dictum
2221 4612 2541 4693 Calvariae‚
2591 4620 2851 4694 propter
2897 4614 3103 4695 capita
3161 4632 3412 4679 reorum

1921 4713 2010 4775 ihi
2061 4712 2416 4775 occisorum
2461 4729 2474 4773 :
2517 4729 2661 4792 quae
2697 4713 2904 4793 capita
2944 4720 3230 4793 tempore
3269 4734 3415 4796 pro-

1920 4811 2183 4873 cedente
2230 4808 2473 4871 fiebant
2516 4808 2825 4882 calvariae,
2875 4808 2993 4872 hoc
3039 4817 3134 4871 est
3184 4812 3416 4874 nudata

1920 4928 1956 4971 a
1995 4926 2204 4983 carne,
2239 4907 2428 4990 pelle,
2463 4906 2733 4990 capillis.
2770 4907 2944 4970 Unde
2974 4908 3039 4970 in
3069 4916 3198 4971 tam
3237 4911 3414 4991 igno-

1921 5008 2192 5070 minioso
2240 5006 2378 5069 loco
2425 5006 2718 5087 dignatus
2764 5014 2858 5068 est
2916 5006 3199 5069 Christus
3246 5010 3412 5072 occi—

1922 5106 2005 5179 di,
2042 5112 2111 5166 ut
2142 5124 2255 5167 nos
2294 5104 2520 5166 merito
2559 5122 2689 5167 suae
2720 5104 3161 5186 vilipensionis
3200 5108 3404 5183 istius,

1920 5205 1996 5266 ad
2035 5203 2622 5267 honorabilissimos
2652 5203 2795 5266 coeli
2836 5204 3116 5289 empyrei
3149 5204 3409 5271 thronos

1922 5300 2354 5365 sublevemur.
