4300 6259
599 1757 850 1807 loctunam.

588 1823 652 1861 ¹³.

584 2053 654 2095 Pa
661 2065 850 2104 cxxxviii,

589 2119 654 2158 ¹0.

584 2243 651 2282 23.

583 4816 751 4860 Matth.
763 4830 847 4870 xiv,

583 4881 652 4922 29.

879 477 1002 541 614

1631 499 1976 544 malumno
2021 498 2080 544 ΙΝ
2123 498 2262 544 GAP.
2308 498 2413 543 XX!
2454 497 2729 544 JOANMS.
2774 518 2853 526 —
2895 499 3038 544 ΛΒΤ.
3084 499 3227 544 xmx

883 667 1298 748 designatam,
1353 681 1412 730 et
1449 672 1604 747 jam
1661 690 1786 730 non
1848 671 2146 730 valebant
2204 669 2377 728 illud
2404 665 2457 726 A
2484 666 2741 740 cubitiS,
2775 675 2836 728 et
2886 668 3093 750 potuit
3136 667 3223 729 ibi
3268 685 3523 729 currere
3566 666 3771 728 naviS.
3802 665 3975 726 Vide-

889 769 1138 826 trahere
1160 789 1302 845 proe
1336 771 1756 828 multitudine
1777 769 2084 844 piscium.
2118 765 2208 826 Ex
2248 783 2377 846 quo

884 864 1029 926 elici
1083 873 1306 946 potest,
1338 866 1512 947 quod
1558 867 1778 928 divino
1825 874 1980 927 nutu
2023 865 2230 946 pisces
2276 882 2379 925 su-

883 963 1017 1025 bito
1067 964 1220 1026 illuc
1259 965 1511 1026 adducti
1554 972 1744 1046 atque
1783 965 2026 1027 collecti
2071 972 2240 1037 sunt,
2278 962 2376 1025 vel

883 1060 1168 1122 fortassis
1199 1061 1414 1123 divina
1446 1062 1679 1123 virtute
1710 1063 2015 1143 producti.
2038 1061 2173 1124 Non
2204 1061 2377 1122 enim

886 1159 1076 1240 paulo
1116 1167 1262 1220 ante
1301 1160 1389 1220 ibi.
1436 1159 1718 1232 fuerunt,
1752 1161 1904 1240 quia
1942 1159 2240 1241 discipuli
2290 1167 2380 1222 to-

881 1265 944 1317 ta
989 1265 1171 1319 nocte
1211 1259 1380 1320 circa
1423 1259 1630 1320 locum
1679 1259 1860 1320 illum
1905 1265 2084 1319 erant
2127 1258 2374 1339 piscati.

963 1359 1140 1416 Dicit
1187 1376 1333 1434 erqo
1371 1358 1734 1434 discipulus
1773 1359 1886 1416 ille
1923 1377 2108 1436 quem
2147 1359 2379 1433 diliye-

883 1455 986 1512 bac
1032 1457 1212 1514 Jesus
1258 1458 1452 1516 Petro
1493 1475 1516 1514 .·
1556 1457 1873 1515 Dominus
1917 1464 2026 1514 est.
2070 1453 2379 1526 Quemad-

881 1552 1140 1612 modum
1173 1553 1470 1634 discipuli
1504 1561 1648 1614 ante
1679 1553 2036 1634 passionem
2071 1552 2380 1614 vocabant

878 1649 1114 1723 Jesum,
1150 1669 1321 1712 nunc
1365 1652 1761 1731 magistrum,
1797 1669 1968 1712 nunc
2011 1650 2373 1722 Dominum,

877 1747 1058 1828 juxta
1105 1748 1286 1821 illud,
1341 1748 1460 1811 Vos
1511 1749 1745 1812 vocatis
1805 1767 1906 1810 me
1965 1749 2265 1830 magister
2319 1755 2381 1808 et

2485 773 2589 826 tur
2636 774 2845 827 autem
2897 767 3068 847 quod
3104 766 3261 848 Lyra
3312 765 3714 827 sufficienter
3756 762 3977 844 probet

2442 893 2449 900 ·
2484 863 2657 944 quod
2698 863 2916 925 Petrus
2959 883 3084 926 non
3130 864 3395 926 accessit
3442 863 3735 925 natando.
3770 860 3978 923 Nihilo

2486 961 2699 1022 minus
2755 969 2909 1043 puto
2965 980 3109 1023 cum
3176 961 3335 1024 Beda
3392 961 3757 1034 dicendum,
3810 959 3973 1040 quod

2486 1077 2612 1121 non
2663 1059 3015 1121 ambulavit
3062 1078 3257 1142 super
3304 1078 3520 1141 aquaS,
3574 1061 3684 1122 sed
3742 1059 3977 1141 pedita-

2490 1157 2579 1218 vit
2613 1177 2626 1219 ε
2663 1157 2892 1230 Prim0‚
2933 1157 3086 1239 quia
3132 1159 3253 1222 hoc
3304 1159 3553 1220 videtur
3602 1157 3977 1238 evangelicae

2488 1255 2733 1316 veritati
2766 1256 3039 1337 amplius
3072 1257 3459 1320 concordare.
3482 1255 3782 1337 Sequitur
3810 1255 3975 1316 enim

2490 1354 2552 1415 in
2601 1362 2773 1416 textu
2810 1373 2823 1416 ε
2858 1365 2917 1416 et
2946 1357 3125 1416 misit
3152 1376 3215 1415 se
3248 1359 3319 1415 in
3352 1377 3548 1416 mare.
3584 1354 3671 1416 Ex
3716 1355 3839 1417 hoc
3880 1373 3977 1435 ap-

2489 1460 2667 1534 paret
2703 1455 2873 1534 quod
2918 1472 3147 1535 aquam
3189 1455 3447 1516 intravit
3493 1471 3696 1535 usque
3736 1454 3819 1515 ad
3856 1471 3977 1514 ma-

2484 1570 2674 1632 gnam
2706 1553 2989 1634 corporis
3032 1560 3298 1634 partem.
3332 1552 3643 1626 SecundO,
3676 1551 3831 1632 quia
3858 1570 3977 1613 non

2487 1657 2581 1712 est
2612 1651 2954 1713 verisimile
2984 1653 3149 1733 quod
3182 1651 3580 1731 Evangelista
3607 1658 3853 1712 tantum
3884 1647 3979 1712 mi-

2490 1748 2778 1810 raculum
2824 1750 3145 1812 tacuisset.
3180 1749 3297 1812 Pro
3335 1767 3409 1812 eo
3446 1749 3615 1810 enim
3654 1749 3827 1829 quod
3878 1747 3972 1819 ait,

881 1845 1165 1921 Domine,
1221 1848 1306 1909 ita
1353 1855 1413 1908 et
1464 1856 1606 1929 post
1659 1849 2040 1929 passionem.
2093 1847 2377 1928 Denique
2419 1841 2651 1907 Emisit
2700 1865 2768 1908 se
2817 1847 2881 1908 in
2932 1866 3125 1920 mare,
3180 1855 3424 1930 poterat
3472 1848 3703 1920 dicere,
3746 1846 3975 1908 Ambu-

877 1945 1056 2007 Jesus
1093 1954 1189 2008 est
1227 1946 1336 2007 ille
1374 1946 1676 2009 Dominus
1716 1948 1793 2007 de
1831 1966 1959 2028 quo
1997 1946 2085 2007 ait
2121 1945 2378 2007 Psalmi-

880 2051 995 2118 sta,
1031 2044 1120 2105 Tu
1163 2045 1508 2107 dominaris
1550 2046 1838 2126 potestati
1883 2045 2074 2106 maris
2110 2064 2123 2107 ε
2160 2045 2271 2126 qui
2308 2045 2372 2106 in

615 2179 852 2228 aab„
879 2143 1134 2206 exordio
1166 2143 1386 2204 mundi
1420 2144 1645 2225 quinto
1676 2145 1778 2205 die
1807 2144 1960 2206 fecit
1999 2143 2207 2225 pisces
2246 2162 2376 2205 ma-

881 2241 988 2302 ris.
1051 2241 1362 2323 Loquitur
1417 2249 1628 2303 autem
1684 2241 1953 2305 Joannes
2012 2241 2373 2323 specialiter

877 2339 1076 2413 Petro,
1103 2347 1403 2420 tanquam
1436 2339 1831 2403 familiariori
1863 2359 1935 2402 ac
1967 2340 2373 2422 principalio-

875 2438 951 2499 ri.
985 2438 1252 2500 Joannes
1286 2456 1435 2500 vero
1470 2439 1764 2518 cognovit
1789 2440 2000 2500 Iesum
2043 2457 2157 2520 per
2187 2439 2371 2500 mira-

872 2536 1151 2598 culosam
1189 2535 1462 2617 piscium
1505 2537 1884 2617 captionem,
1919 2544 1981 2598 et
2018 2536 2171 2617 quia
2211 2536 2371 2598 vidit

872 2633 1138 2695 verbum
1187 2633 1327 2714 ejus
1377 2641 1503 2695 tam
1553 2635 1807 2716 copiose
1856 2635 2214 2717 impletum.
2256 2635 2363 2695 Vel

868 2733 1046 2793 Jesus
1098 2732 1306 2813 primo
1355 2733 1632 2794 ostendit
1678 2733 1736 2794 ei
1787 2734 2065 2814 speciem
2119 2733 2217 2794 sui
2266 2752 2368 2796 co-

869 2830 1310 2911 gnoscibilem.
1361 2871 1368 2876 -

943 2931 1173 2991 Simon
1210 2932 1465 2998 Petrus,
1495 2949 1696 3008 quum
1738 2931 2023 2990 audisset
2061 2931 2221 3009 quia
2252 2934 2368 2991 Do-

2488 1942 2641 2005 lavit
2690 1963 2882 2026 super
2931 1963 3125 2007 mare.
3159 1945 3334 2018 Quod
3378 1963 3527 2008 vero
3568 1945 3861 2025 arguitur
3905 1945 3973 2004 de

2484 2060 2665 2123 aquae
2733 2043 3186 2125 profunditate,
3252 2064 3377 2107 non
3436 2045 3621 2125 cogit.
3684 2043 3973 2116 Quamvis

2484 2142 2655 2202 enim
2724 2141 3122 2223 Evangelista
3184 2143 3464 2224 appellet
3526 2143 3691 2204 hanc
3750 2161 3968 2223 aquam

2484 2259 2677 2313 mare,
2722 2259 2846 2304 non
2896 2250 3105 2303 tamen
3160 2241 3416 2323 proprie
3464 2241 3589 2303 fuit
3632 2260 3832 2314 mare,
3872 2242 3971 2302 sed

2482 2345 2798 2419 stagnum.
2832 2340 3145 2421 Loquitur
3173 2341 3415 2422 quippe
3455 2341 3809 2402 secundum
3838 2359 3970 2402 con-

2483 2438 2885 2498 suetudinem
2926 2439 3239 2501 sermonis
3268 2438 3584 2512 Hebraici,
3618 2439 3730 2519 qui
3761 2457 3968 2519 quam—

2483 2535 2639 2598 libet
2678 2537 3225 2617 congregationem
3264 2556 3571 2619 aquarum
3615 2537 3967 2600 notabiliter

2481 2653 2771 2714 magnam
2830 2637 3116 2698 nominat
3166 2655 3359 2710 mare,
3405 2637 3585 2717 juxta
3642 2636 3801 2698 illud
3856 2635 3962 2698 Ge-

2480 2732 2648 2794 nesis
2702 2752 2715 2796 ε

2476 2831 2568 2892 vit
2597 2831 2760 2893 Deus
2792 2833 3011 2893 maria.
3044 2832 3179 2894 Non
3220 2851 3369 2915 ergo
3406 2840 3654 2914 oportet
3690 2851 3959 2895 asserere

2476 2948 2705 3010 aquam
2753 2938 2880 2992 tam
2927 2931 3309 3012 profundam
3356 2931 3577 2992 fuisse.

871 3029 1090 3088 minus
1121 3038 1234 3098 esc,
1268 3029 1490 3089 tunica
1523 3031 1849 3089 succinxit
1879 3049 1944 3088 se
1966 3049 1988 3088 .·
2017 3037 2157 3090 erat
2190 3031 2366 3090 enim
2400 3020 2443 3084 C
2556 3027 2723 3089 Misit
2762 3047 2827 3090 se
2868 3046 3017 3110 ergo
3056 3029 3275 3091 Petrus
3318 3028 3381 3091 in
3423 3047 3615 3103 mare,
3648 3048 3726 3092 ex
3764 3030 3960 3092 fervo-

871 3128 1108 3186 nudus.
1142 3126 1318 3198 Quod
1349 3125 1566 3188 Petrus
1602 3126 1836 3188 dicitur
1871 3145 1936 3188 se
1977 3127 2194 3189 tunica
2232 3146 2369 3189 suc-

873 3223 1171 3299 cinxisse,
1205 3224 1358 3306 quia
1403 3227 1611 3287 nudus
1655 3234 1808 3300 erat,
1845 3225 2112 3306 intelligi
2163 3234 2370 3307 potest

870 3322 1213 3404 dupliciter
1247 3341 1260 3385 :
1295 3322 1526 3397 Primo,
1560 3325 1730 3404 quod
1771 3342 1964 3405 super
2005 3324 2367 3406 simplicem

871 3429 1112 3483 vestem
1143 3440 1270 3502 qua
1299 3430 1432 3482 erat
1463 3421 1724 3484 indutus
1756 3421 2070 3484 succinxit
2101 3441 2184 3496 se,
2215 3423 2367 3503 quia

871 3519 1217 3582 discinctus
1257 3519 1400 3582 fuit.
1437 3520 1584 3582 Erat
1625 3521 1796 3582 enim
1843 3522 2074 3595 nudUS,
2110 3522 2230 3584 hoc
2274 3529 2369 3582 est

872 3638 1097 3701 parum
1160 3619 1444 3693 vestituS‚
1508 3619 1594 3680 ita
1660 3621 1830 3700 quod
1899 3621 2367 3701 comparatione

871 3718 1070 3781 solitae
1120 3717 1472 3780 vestitionis
1523 3717 1757 3780 dicitur
1806 3719 2038 3792 nudus,
2076 3719 2370 3799 quemad·

873 3816 1134 3879 modum
1181 3815 1238 3876 ei
1299 3815 1412 3896 qui
1462 3834 1687 3897 parum
1748 3815 2007 3878 indutus
2065 3825 2161 3878 est
2214 3817 2371 3878 dici-

874 3934 1038 3986 muS‚
1093 3913 1217 3976 Cur
1275 3913 1449 3976 vadis
1512 3915 1764 3976 nudus?
1823 3913 2134 3990 Secundo,
2198 3916 2367 3996 quod

873 4019 1008 4073 erat
1053 4011 1430 4093 simpliciter
1479 4013 1711 4086 nuduS,
1767 4013 1987 4074 saltem
2039 4031 2244 4094 usque
2292 4014 2370 4074 ad

874 4109 1073 4171 lineas
1105 4117 1308 4172 vestes
1345 4128 1357 4171 :
1393 4120 1454 4171 et
1487 4128 1636 4190 ergo
1675 4111 1891 4172 tunica
1931 4129 1996 4172 se
2029 4111 2365 4184 succinxit,

2478 3144 2545 3187 re
2574 3133 2636 3187 et
2672 3127 2925 3207 gaudio,
2961 3127 3226 3209 cupiens
3268 3127 3597 3190 celerrime
3636 3129 3850 3190 venire
3886 3129 3957 3190 ad

2476 3226 3075 3306 supercarissimum
3116 3245 3305 3288 suum
3345 3227 3715 3307 magistrum
3753 3247 3825 3289 ac
3856 3227 3961 3289 Do-

2478 3324 2747 3398 minum,
2782 3342 2973 3404 quem
3021 3343 3192 3387 nunc
3236 3326 3417 3388 toties
3458 3325 3651 3404 vidit3
3694 3343 3809 3388 nec
3852 3326 3960 3386 du-

2478 3421 2657 3483 bium
2698 3423 2855 3503 quin
2902 3423 3097 3484 multa
3132 3423 3211 3484 ab
3252 3441 3325 3486 eo
3362 3424 3626 3498 audivit,
3658 3443 3799 3505 quae
3838 3442 3957 3486 non

2478 3528 2628 3581 sunt
2675 3521 3053 3603 conscripta.
3086 3524 3233 3584 Alii
3270 3533 3486 3584 autem
3512 3524 3823 3601 discipuli
3851 3542 3959 3583 na-

2478 3620 2649 3696 viqio
2676 3629 3005 3686 venerunt,
3023 3620 3169 3701 quia
3197 3638 3320 3682 non
3351 3621 3505 3684 adeo
3534 3620 3756 3683 fervidi
3790 3627 3959 3681 erant

2481 3724 2548 3777 ut
2604 3703 2883 3798 Petrus;'
2920 3737 3034 3780 nec
3094 3719 3462 3799 indigebant
3509 3737 3576 3781 se
3626 3720 3687 3782 in
3734 3737 3955 3800 aquam

2478 3817 2795 3897 deponere
2830 3835 2843 3880 ε
2880 3837 3005 3878 non
3046 3820 3223 3878 enim
3266 3821 3449 3895 lonye
3488 3827 3671 3879 erant
3698 3840 3734 3880 a
3768 3828 3957 3886 terra,

2480 3914 2541 3976 id
2589 3923 2685 3976 est
2734 3915 2943 3979 littore
2993 3917 3058 3977 in
3109 3934 3237 3997 quo
3284 3917 3456 3978 stetit
3498 3917 3694 3990 JesuS‚
3736 3916 3837 3979 vel
3886 3917 3957 3978 de

2479 4033 2700 4095 prope,
2731 4019 2841 4075 sed
2869 4017 3059 4096 quasi
3087 4018 3321 4076 cubicis
3349 4019 3664 4086 ducentis,
3694 4016 3833 4078 ideo
3864 4033 3959 4096 po-

2478 4120 2682 4174 terant
2721 4113 2903 4194 quasi
2953 4121 3075 4174 tam
3120 4113 3245 4177 cito
3284 4115 3500 4176 venire
3537 4115 3613 4175 ad
3646 4114 3855 4174 Jesum
3894 4121 3957 4174 ut

874 4208 1049 4270 illam
1100 4207 1422 4270 induendo
1469 4217 1660 4290 atque
1709 4209 2040 4289 cingendo.
2097 4209 2371 4290 Eratque
2400 4210 2449 4272 D
2478 4209 2729 4290 Petrus;
2766 4213 3085 4273 trahentes
3113 4222 3242 4272 rete
3264 4214 3541 4290 piscium
3574 4230 3683 4293 per
3708 4229 3952 4292 aquam,

877 4308 1085 4368 nudus
1135 4308 1484 4368 secundum
1531 4309 2056 4370 consuetudinem
2102 4309 2371 4390 piscato-

879 4425 1043 4478 rum,
1091 4413 1160 4466 ut
1207 4405 1560 4486 expeditior
1607 4414 1775 4467 esset
1820 4408 1897 4468 ad
1945 4426 2127 4488 opus,
2186 4407 2371 4469 Porro

877 4503 1192 4566 succinxit
1234 4522 1301 4566 se
1351 4512 1609 4586 propter
1653 4505 2070 4567 reverentiam
2113 4505 2367 4580 Christi,

881 4611 950 4664 ut
988 4603 1064 4664 ad
1109 4621 1255 4664 eum
1303 4604 1562 4665 honeste
1605 4603 1872 4664 veniret.

959 4699 1249 4781 Dicitque
1295 4699 1477 4774 Beda,
1523 4702 1693 4782 quod
1744 4701 1938 4776 venit,
1975 4721 2098 4765 non
2152 4703 2373 4764 ambu-

881 4897 1263 4978 passionem,
1327 4899 1434 4959 sed
1497 4899 1770 4960 natando
1832 4898 1933 4959 vel
2003 4899 2366 4980 peditando.

877 4996 1050 5068 Quod
1093 4995 1411 5078 improbat
1438 4997 1618 5078 Lyra,
1652 4997 1804 5077 quia
1843 4997 1896 5058 si
1930 4996 2235 5060 voluisset
2273 5018 2372 5060 na-

877 5102 1031 5168 tare,
1065 5113 1190 5158 non
1222 5095 1641 5157 succinxisset
1672 5115 1739 5157 se
1779 5096 2015 5176 tunica,
2052 5115 2169 5158 nec
2199 5107 2372 5178 pote-

876 5201 970 5254 rat
1007 5193 1288 5275 peditare
1324 5201 1585 5275 propter
1625 5193 2122 5276 profunditatem
2164 5214 2364 5276 aquae.

2482 4317 2551 4370 ut
2581 4309 2777 4372 moris
2816 4319 2913 4372 est
2952 4311 3395 4391 piscatoribus
3444 4313 3515 4372 Ut
3542 4330 3685 4386 erqo
3710 4313 3958 4370 descen-

2479 4411 2716 4470 derunt
2766 4411 2841 4470 in
2887 4417 3150 4477 terram,
3183 4410 3261 4471 de
3307 4429 3474 4490 aqua
3706 4408 3835 4481 avi,
3869 4411 3958 4468 vi-

2478 4509 2719 4566 derunt
2739 4527 2995 4583 prunas
3018 4510 3286 4584 positas,
3318 4397 3962 4702 sonim&

2481 4604 2745 4680 bonum,
2798 4615 2858 4666 et
2908 4605 3151 4684 piscem
3198 4609 3687 4685 superpositum
3748 4633 3838 4696 pr
3886 4603 3929 4678 ⁶.

2480 4703 2593 4784 qui
2625 4703 2953 4772 assabatur
2982 4711 3048 4764 ut
3077 4711 3242 4766 esset
3270 4704 3405 4766 esui
3437 4713 3642 4788 aptuS,
3663 4723 3735 4772 et
3762 4737 4062 4794 panem,

879 4798 1066 4862 lando
1115 4817 1309 4880 super
1349 4801 1547 4861 undas
1595 4799 1810 4874 mariS,
1847 4806 1915 4859 ut
1955 4809 2102 4862 ante
2140 4801 2372 4864 Christi
2478 4803 2657 4884 juxta
2721 4821 2981 4883 prunaS.
3040 4802 3348 4865 Viderunt
3414 4822 3562 4885 ergo
3624 4823 4051 4886 necessaria

2482 4901 2701 4963 victui.
2760 4899 3239 4982 Chrysostomus
3298 4903 3525 4964 asserit
3579 4911 3779 4984 quod
3842 4915 4050 4983 Chri—

2480 5008 2614 5061 stus
2654 4999 2787 5061 haec
2825 4998 2946 5060 tria
2982 4999 3221 5062 creavit
3264 5000 3504 5062 ibidem
3546 5003 3625 5062 de
3676 5025 3899 5090 novo,
3944 5021 4050 5082 vj-

2479 5099 2710 5161 delicet
2769 5099 3030 5179 piscem,
3086 5117 3315 5180 panem
3375 5107 3439 5161 et
3494 5119 3814 5189 prunas;
3886 5117 4040 5198 alii,

2475 5197 2645 5278 quod
2677 5196 2754 5258 de
2795 5214 2957 5258 novo
2996 5195 3265 5259 formata
3304 5205 3452 5260 sunt
3490 5217 3569 5260 ex
3608 5207 4039 5288 praejacenti

872 5291 1150 5353 Distabat
1190 5310 1464 5373 namque
1513 5311 1547 5353 a
1597 5292 1807 5354 littore
1849 5293 2030 5372 quasi
2078 5294 2368 5355 ducentis
2476 5294 2759 5356 materia.
2811 5293 3021 5357 Voluit
3073 5302 3284 5356 autem
3336 5295 3624 5359 Christus
3692 5322 3848 5372 suae
3918 5334 4033 5377 m-

3776 5733 4221 6240 A

4218 2559 4220 2654 i

2768 2733 3292 2815 Congregationes
3340 2754 3647 2816 aquarum
3696 2735 3961 2818 appella·
4000 2748 4173 2794 catio.

4072 4509 4221 4919 i
