4300 6259
646 700 719 756 16

558 1990 823 2041 P8.xxx,2·6.

568 2486 649 2529 1³⁸.
666 2497 751 2538 xxi,
768 2487 808 2530 Ξ.

559 2879 761 2936 Philipp.
781 2893 823 2930 n,

604 3274 767 3317 Joann.
784 3286 826 3324 x,

565 3340 631 3380 ¹8.

628 4842 798 4885 Mami.

573 4907 842 4957 xxvii,5l‚52.

850 500 971 567 246

1622 519 1973 568 mammo
2014 519 2079 567 m
2120 520 2259 567 GAP.
2305 519 2460 566 xxm
2501 518 2691 567 LUCAE.
2735 540 2816 549 —
2858 521 3000 567 Am.
3047 521 3194 569 xtlx

934 697 1019 755 Ec
1055 698 1345 756 clamans
1383 714 1527 755 voce
1564 714 1801 772 magna
1828 696 2029 754 Jesm.
2063 692 2194 755 Vox
2241 691 2350 753 illa
2379 690 2426 751 A
2457 716 2587 778 qua
2624 695 2909 758 Christus
2959 696 3325 758 resurrexit.
3357 696 3501 759 Ideo
3547 695 3634 757 ait
3679 694 3954 757 Matthae-

853 812 1080 875 magna
1120 792 1242 854 suit
1278 801 1340 854 et
1368 793 1595 867 valida,
1629 792 1782 874 quia
1818 790 2348 854 affectuosissima

850 900 1084 966 mente,
1120 900 1182 954 et
1231 890 1377 954 sorti
1418 899 1479 953 et
1516 891 1641 953 alta
1688 891 2029 954 sonoritate
2080 890 2341 971 prolata.

848 994 965 1053 Ait
996 1013 1019 1050 .·
1048 994 1275 1060 Pater,
1305 992 1379 1051 in
1410 1012 1644 1051 manus
1678 1000 1842 1060 tuaS,
1877 990 1939 1051 id
1984 996 2077 1051 est
2128 989 2194 1050 in
2241 998 2350 1051 tua

850 1096 1157 1172 potestate
1196 1096 1259 1150 et
1290 1091 1607 1170 aequitate,
1642 1092 2010 1150 commendo
2037 1090 2348 1165 spiritum

850 1209 1085 1259 meum,
1136 1188 1199 1249 id
1248 1196 1343 1249 est
1398 1187 1698 1249 animam.
1746 1188 1871 1250 Hoc
1919 1195 2129 1249 autem
2191 1187 2351 1249 dixit

850 1285 1152 1359 Salvator,
1187 1303 1312 1347 non
1366 1285 1549 1365 quasi
1588 1284 1799 1347 anima
1847 1304 1960 1346 sua
1998 1284 2190 1346 alicui
2241 1302 2350 1365 pe-

851 1384 1053 1447 riculo
1100 1384 1389 1446 exeundo
1439 1391 1603 1445 esset
1650 1383 1954 1465 exposita,
1989 1402 2024 1443 a
2062 1402 2192 1463 quo
2241 1400 2350 1464 pe-

850 1489 1010 1544 teret
1048 1500 1185 1543 eam
1227 1481 1633 1563 praeservari;
1666 1483 1776 1543 sed
1814 1482 1935 1543 hoc
1978 1481 2159 1555 dixit,
2193 1500 2350 1562 qua-

852 1580 905 1642 si
955 1599 1100 1642 cum
1148 1580 1492 1660 gratiarum
1552 1580 1800 1643 actione
1848 1586 1911 1640 et
1967 1579 2153 1641 laude
2210 1598 2345 1641 eam

852 1678 1015 1741 Patri
1066 1696 1287 1740 secure
1334 1678 1760 1741 committens.
1813 1678 2097 1759 Denique
2146 1677 2346 1758 aliqui

853 1777 1073 1839 dicunt
1103 1776 1421 1839 Christum
1455 1776 1689 1838 dixisse
1721 1777 1783 1838 in
1818 1795 2013 1850 cruce,
2031 1794 2185 1839 voce
2215 1776 2352 1837 sub-

2459 815 2534 857 us
2569 814 2582 857 :
2618 794 2692 856 Et
2739 802 3042 857 exeuntes
3082 796 3159 857 de
3197 795 3626 858 monumentis
3675 802 3818 876 post
3857 812 3953 856 re-

2460 893 2916 956 surrectionem
2976 894 3137 972 ejus,
3191 902 3503 956 venerunt
3555 894 3618 955 in
3669 902 3950 955 sanctam

2460 993 2802 1066 civitatem,
2840 1000 2991 1073 puta
3018 992 3386 1067 Jerusalem,
3420 1002 3484 1055 et
3520 1001 3954 1075 apparuerunt

2462 1092 2680 1153 multis
2725 1091 2813 1153 ibi
2857 1091 3249 1165 hominibuS,
3285 1100 3702 1174 protestantes
3737 1092 3950 1154 Jesum

2461 1209 2598 1253 esse
2645 1190 2989 1263 Christum,
3037 1198 3100 1251 et
3141 1210 3178 1252 a
3219 1200 3421 1255 morte
3467 1191 3775 1253 veraciter
3817 1210 3954 1251 sus-

2461 1288 2745 1362 citatum,
2789 1306 2988 1369 seque
3031 1289 3473 1363 resurrexisse,
3519 1296 3586 1350 ut
3625 1289 3821 1368 hujus
3861 1290 3952 1351 rei

2461 1387 2838 1449 exsisterent
2895 1393 3108 1449 testes.
3150 1424 3232 1433 ·-
3275 1387 3390 1461 Qui
3448 1395 3660 1449 autem
3713 1387 3956 1450 fuerint

2462 1486 2662 1548 sancti
2712 1485 2807 1547 illi
2860 1505 3005 1548 cum
3056 1485 3304 1549 Christo
3354 1494 3704 1567 surgenteS‚
3753 1487 3956 1549 nesci-

2461 1603 2604 1647 mus
2663 1584 3211 1647 certitudinaliter.
3265 1584 3683 1668 Hieronymus
3741 1594 3952 1649 tamen

2459 1683 2567 1758 ait,
2631 1684 2800 1765 quod
2871 1683 3118 1765 antiqui
3181 1684 3552 1765 patriarchae
3609 1684 3950 1760 Abraham,

2461 1782 2628 1844 Isaac
2674 1789 2737 1843 et
2781 1782 2969 1845 Jacob
3013 1789 3251 1844 tantam
3301 1782 3794 1846 sollicitudinem
3845 1784 3956 1845 ha-

854 1875 1068 1949 missa‚
1130 1874 1443 1957 psalmum
1507 1875 1571 1937 in
1637 1894 1767 1956 quo
1817 1875 2172 1937 versiculus
2231 1876 2349 1937 iste
2391 1880 2739 1943 Bbuerunt
2788 1889 2855 1943 ut
2895 1881 3319 1963 sepelirentur
3356 1881 3422 1943 in
3474 1889 3638 1943 terra
3686 1883 3956 1963 promis-

854 1974 1253 2055 conscriptus
1312 1982 1429 2051 est,
1482 1974 1747 2054 scilicet,
1800 1974 1865 2035 In
1929 1981 2009 2048 te,
2059 1974 2345 2047 Domine,

854 2072 1129 2153 speravi,
1181 2091 1218 2133 a
1266 2071 1584 2154 principio
1642 2072 1783 2153 ejus
1832 2091 2035 2154 usque
2080 2074 2159 2135 ad
2215 2073 2349 2135 haec

852 2170 1049 2233 verba
1080 2169 1412 2244 inclusive,
1447 2188 1591 2251 quae
1617 2170 1742 2232 alte
1773 2170 2190 2253 deprompsit.
2223 2170 2347 2232 Alii

852 2277 1147 2331 asserunt
1194 2287 1339 2331 eum
1392 2269 1628 2331 dixisse
1673 2288 1894 2332 omnes
1945 2269 2222 2351 psalmos
2267 2270 2347 2332 ab

854 2386 929 2430 eo
978 2368 1117 2431 loco
1162 2386 1291 2449 quo
1341 2367 1466 2429 alte
1513 2367 1809 2431 clamavit
1861 2387 1875 2431 :
1930 2368 2091 2430 Deus
2141 2387 2344 2441 meuS,

852 2466 1017 2528 Deus
1047 2484 1251 2539 meuS,
1288 2474 1357 2529 ut
1385 2467 1541 2548 quid
1574 2467 1973 2548 dereliquisti
2006 2470 2145 2529 me?
2177 2469 2347 2548 quod

853 2572 949 2626 est
980 2564 1371 2646 principium
1402 2565 1628 2646 psalmi
1663 2566 1948 2628 vicesimi
1983 2566 2210 2648 primi3
2245 2585 2350 2627 us-

852 2680 981 2743 que
1016 2664 1091 2725 ad
1135 2663 1306 2725 hunc
1342 2680 1619 2737 versum,
1655 2663 1720 2725 In
1764 2683 1987 2726 manus
2032 2672 2191 2738 tuaS,
2226 2672 2343 2725 etc.

934 2764 1019 2822 Et
1058 2764 1191 2823 ἥατο
1216 2764 1462 2831 dicen-5,
1491 2764 1877 2841 exspiravit,
1915 2762 2208 2825 videlicet
2252 2782 2350 2824 ca-

856 2858 987 2941 pite
1033 2858 1360 2933 inclinato,
1415 2857 1619 2921 factus
1674 2859 1835 2921 Patri
1895 2860 2198 2923 obediens
2249 2879 2352 2921 us-

853 2975 981 3038 que
1010 2957 1089 3019 ad
1120 2964 1410 3018 mortem.
1447 2956 1522 3018 Et
1551 2966 1704 3019 tunc
1736 2958 2019 3020 Christus
2052 2978 2192 3021 cum
2223 2966 2350 3019 tam

2461 1979 2680 2055 sioniS,
2716 1980 2782 2042 in
2822 2000 2951 2061 qua
2989 1988 3295 2043 noverant
3327 1979 3645 2043 Christum
3686 1982 3956 2043 nascitu-

2460 2098 2625 2153 rum,
2661 2098 2998 2161 passurum
3037 2099 3110 2141 ac
3149 2079 3607 2161 sepeliendum,
3638 2088 3954 2160 quatenus

2460 2176 2599 2256 ejus
2634 2177 3116 2241 resurrectionis
3147 2186 3359 2241 essent
3399 2178 3761 2261 participes,
3795 2178 3955 2241 Hinc

2460 2276 2659 2357 aliqui
2710 2284 3094 2358 putaverunt
3148 2278 3514 2358 hujusmodi
3565 2276 3954 2340 patriarchas

2460 2382 2522 2437 et
2559 2375 2806 2457 aliquos
2845 2374 3322 2457 Prophetarum,
3358 2376 3553 2438 Adam
3595 2395 3858 2458 quoque
3893 2385 3957 2439 et

2461 2474 2653 2536 Evam
2695 2482 2757 2536 et
2794 2474 2985 2537 David
3034 2494 3180 2537 cum
3220 2475 3466 2538 Christo
3507 2476 3952 2538 resurrexisse.

2461 2572 2716 2649 RursuS‚
2751 2574 3102 2635 secundum
3138 2573 3606 2655 Hieronymum,
3637 2574 3953 2636 incertum

2461 2678 2556 2733 est
2603 2691 2680 2734 an
2729 2671 2832 2733 isti
2878 2671 2968 2734 sic
3018 2691 3163 2733 cum
3204 2671 3450 2735 Christo
3501 2672 3808 2744 suscitati,
3841 2673 3960 2734 itc-

2461 2789 2604 2831 rum
2653 2770 2780 2832 sint
2829 2768 3135 2845 defuncti,
3171 2771 3269 2835 vel
3320 2770 3384 2832 in
3435 2771 3528 2833 eis
3577 2772 3959 2834 resurrectio

2463 2868 2544 2930 sit
2592 2869 2925 2950 completa,
2961 2869 3047 2930 ita
3085 2871 3252 2951 quod
3306 2869 3369 2931 in
3415 2889 3678 2952 corpore
3713 2868 3964 2950 glorifi—

2463 2974 2600 3030 cato
2651 2977 2913 3047 regnent
2971 2987 3118 3029 cum
3175 2967 3516 3031 Salvatore.
3571 2966 3645 3029 Et
3695 2977 3966 3050 apparet

853 3054 1004 3118 forti
1064 3055 1338 3118 clamore
1394 3056 1689 3137 spiritum
1751 3057 2025 3130 tradens,
2084 3057 2351 3139 apertis·
2391 3064 2433 3127 C
2463 3065 2848 3147 quibusdam
2898 3066 3096 3146 magis
3147 3066 3496 3146 probabile,
3531 3067 3702 3147 quod
3752 3066 3967 3129 taliter

856 3154 1017 3217 sime
1076 3172 1299 3215 verum
1356 3172 1492 3216 esse
1552 3155 1924 3217 monstravit
1981 3158 2149 3237 quod
2208 3164 2353 3217 ante

854 3252 984 3333 jam
1037 3252 1277 3315 dixerat
1333 3271 1346 3314 :
1399 3252 1772 3315 Potestatem
1823 3253 2025 3316 habeo
2075 3254 2352 3336 ponendi

856 3351 1157 3426 animam,
1191 3358 1253 3412 et
1302 3350 1535 3413 iterum
1584 3352 1875 3415 sumendi
1923 3370 2082 3413 eam.
2116 3352 2183 3413 In
2237 3353 2353 3414 hac

857 3448 1071 3531 itaque
1102 3448 1527 3531 exspiratione
1559 3467 1707 3514 vere
1737 3449 1894 3512 obiit
1927 3449 2233 3525 ChristuS,
2268 3450 2353 3512 ita

856 3550 1027 3630 quod
1076 3548 1288 3611 anima
1334 3548 1473 3629 ejus
1522 3548 1933 3631 separabatur
1979 3569 2015 3611 a
2063 3568 2348 3631 corpore,

857 3656 920 3710 et
957 3647 1282 3710 descendit
1323 3647 1387 3709 in
1429 3647 1701 3709 limbum
1740 3656 2015 3729 patrum,
2048 3656 2349 3729 tanquam

854 3745 1309 3826 gloriosissima
1339 3745 1821 3827 triumphatrix3
1849 3754 1913 3808 et
1939 3765 2083 3809 mox
2115 3747 2180 3807 in
2213 3746 2353 3827 ejus

857 3845 1151 3918 adventu,
1170 3852 1401 3907 sanctae
1428 3844 1657 3907 animae
1686 3844 1773 3907 ibi
1802 3846 2198 3921 exsistenteS‚
2221 3864 2355 3927 per-

860 3942 1017 4005 fusae
1062 3947 1253 4023 atque
1298 3943 1575 4025 impletae
1624 3952 1773 4005 sunt
1821 3944 2063 4007 lumine
2108 3945 2348 4025 gloriae,

859 4047 1320 4123 coeperuntque
1366 4040 1561 4102 Deum
1612 4041 1826 4104 videre
1881 4061 1994 4123 per
2046 4044 2348 4125 speciem,

2464 3171 2728 3244 regnent
2777 3183 2922 3226 cum
2974 3164 3220 3227 Christo
3273 3183 3286 3226 ε
3339 3164 3542 3238 aliter,
3595 3172 3664 3226 ut
3714 3164 3960 3238 dicunt,

2465 3279 2592 3323 non
2641 3268 2853 3321 essent
2899 3261 3108 3323 idonei
3167 3268 3354 3323 testes
3407 3259 3703 3342 persectae
3755 3281 3966 3323 resur-

2464 3357 2764 3420 rectionis
2822 3358 3178 3421 dominicae.
3232 3359 3676 3422 Verumtamen
3732 3360 3796 3421 in
3849 3360 3964 3423 Re—

2465 3456 2889 3521 velationibus
2928 3457 2989 3519 S.
3030 3456 3305 3537 Brigittae
3349 3458 3577 3538 legitur
3621 3458 3807 3539 Virgo
3852 3459 3962 3522 be-

2465 3554 2716 3617 nedicta
2763 3554 2937 3635 loqui
2985 3556 3062 3616 ad
3109 3553 3452 3635 Brigittam,
3486 3555 3656 3636 quod
3704 3556 3954 3618 nullum

2465 3672 2695 3733 corpus
2760 3653 3109 3713 humanum
3171 3652 3252 3713 sit
3311 3652 3376 3713 in
3437 3670 3629 3733 regno
3689 3654 3950 3728 coelesti,

2466 3751 2589 3813 nisi
2631 3769 2862 3833 eorpus
2906 3750 3049 3813 Filii
3093 3750 3191 3812 sui
3237 3757 3298 3811 et
3339 3769 3570 3832 eorpus
3621 3771 3832 3814 suum.

2576 3853 2811 3911 Videns
2866 3859 3082 3910 autem
3139 3851 3432 3910 centurio
3489 3854 3661 3929 quod
3706 3852 3950 3928 factum

2462 3950 2708 4026 fuerat,
2753 3949 3153 4025 ,qlorifi'cavit
3205 3950 3431 4019 Deum,
3475 3950 3694 4009 dice-ns
3738 3972 3761 4010 .·
3811 3953 3954 4011 Vere

2465 4050 2570 4108 hic
2618 4049 2800 4109 homo
2833 4047 3058 4123 justus
3099 4056 3260 4108 erat.
3295 4046 3424 4109 Hoc
3473 4047 3579 4109 alii
3632 4047 3953 4129 Evangeli-

861 4139 1014 4220 quia
1064 4140 1339 4220 pretium
1395 4138 1523 4218 jam
1586 4138 1707 4200 suit
1764 4139 2065 4214 solutum,
2118 4149 2180 4203 et
2241 4161 2354 4223 pro
2464 4153 2575 4207 stae
2607 4144 2859 4226 plenius
2900 4144 3208 4206 scribunt.
3243 4144 3346 4205 Ait
3384 4145 3552 4207 enim
3591 4144 3946 4209 Matthaeus:

861 4237 1152 4318 originali
1185 4245 1441 4319 peccato
1472 4236 1676 4299 suerat
1706 4237 2111 4301 satisfactum.
2137 4239 2356 4312 Quam·
2389 4246 2436 4307 D
2465 4244 2761 4307 Centurio
2819 4250 3052 4318 autem,
3098 4244 3160 4305 id
3203 4252 3319 4318 est,
3362 4245 3474 4325 qui
3534 4253 3786 4307 centum
3839 4246 3951 4307 mi-

866 4336 959 4399 vis
1009 4344 1219 4398 autem
1268 4336 1481 4399 anima
1527 4355 1888 4418 corpusque
1938 4338 2169 4401 Christi
2221 4338 2357 4401 fue-
2464 4342 2686 4404 litibus
2746 4340 3001 4423 praesuit
3047 4349 3108 4403 et
3167 4340 3290 4403 fuit
3346 4343 3424 4404 de
3479 4342 3660 4403 Pilati
3718 4342 3948 4405 familia

866 4442 1015 4497 runt
1052 4454 1089 4496 a
1128 4452 1195 4497 se
1225 4434 1503 4497 invicem
1542 4443 1847 4516 separata,
1884 4444 2229 4519 utrumque
2267 4446 2358 4500 ta·
2463 4441 2662 4523 (unde
2692 4439 2989 4503 Centurio
3020 4447 3113 4501 est
3149 4458 3380 4503 nomen
3421 4439 3642 4515 officii,
3670 4460 3794 4504 non
3827 4459 3948 4524 per-

865 4550 1011 4595 men
1060 4532 1294 4595 mansit
1341 4532 1546 4596 Verbo
1594 4540 1830 4596 aeterno
1880 4535 2156 4610 unitum,
2208 4538 2359 4618 quia

866 4632 1037 4713 quod
1090 4630 1365 4693 Verbum
1426 4632 1621 4694 semel
1680 4634 2047 4715 assumpsit,
2101 4634 2357 4697 interim

870 4748 1200 4811 nunquam
1243 4729 1556 4811 deposuit.

948 4828 1017 4889 In
1074 4826 1192 4889 hac
1243 4826 1473 4890 Christi
1531 4828 1977 4910 exspiratione,
2030 4836 2197 4892 terra
2255 4852 2360 4893 su-

871 4925 1357 5008 pernaturaliter
1406 4934 1573 4989 mota
1620 4934 1735 4999 est,
1788 4934 1848 4988 et
1906 4934 2100 5008 petrae
2148 4930 2362 4993 scissae

870 5030 1039 5099 sunt,
1092 5032 1154 5085 et
1201 5031 1615 5087 monumenta
1670 5032 1885 5106 aperta
1933 5034 2081 5087 sunt
2130 5045 2206 5089 ex
2261 5047 2363 5090 ve-

868 5121 1149 5184 hementi
1199 5130 1380 5185 terrae
1424 5130 1718 5184 tremore.
1776 5123 1848 5185 Et
1894 5125 2093 5186 multa
2142 5143 2361 5208 corpo-

870 5240 937 5283 ra
991 5228 1352 5284 sanctorum
1408 5239 1553 5302 quae
1609 5222 2015 5297 dormierant,
2074 5244 2362 5287 surrexe-

871 5326 1064 5381 runt:
1102 5338 1225 5382 non
1278 5319 1342 5381 in
1393 5319 1509 5381 hac
1558 5320 1731 5393 hora,
1780 5322 1885 5383 sed
1937 5322 2155 5384 eadem
2207 5324 2359 5385 hora

2467 4539 2682 4619 sonae),
2717 4548 2781 4601 et
2817 4539 2928 4620 qui
2973 4558 3119 4600 cum
3159 4556 3233 4601 eo
3273 4546 3470 4613 erant,
3507 4538 3750 4601 scilicet
3793 4538 3948 4601 mili-

2469 4646 2560 4699 tes
2591 4636 2752 4717 ejuS,
2787 4636 3211 4699 custodientes
3241 4636 3476 4710 Jesum,
3514 4655 3592 4699 ne
3620 4646 3766 4699 ante
3795 4654 3947 4700 mor-

2468 4744 2596 4797 tem
2637 4742 2966 4816 raperetur
2993 4734 3072 4796 ab
3111 4734 3349 4815 aliquo,
3383 4742 3492 4797 aut
3530 4734 3668 4797 sine
3706 4734 3946 4798 licentia

2471 4833 2758 4915 praesidis
2799 4834 3223 4915 deponeretur
3261 4834 3340 4895 de
3378 4833 3571 4914 ligno,
3606 4834 3741 4896 viso
3779 4842 3946 4896 terrae

2469 4939 2643 4995 motu
2699 4939 2760 4993 et
2799 4931 2900 4993 his
2939 4951 3082 5013 quae
3126 4930 3370 4994 fiebant
3408 4932 3470 4993 in
3514 4930 3770 5013 praefata
3815 4932 3948 4994 ecli-

2472 5030 2592 5113 psi,
2627 5039 2688 5092 et
2726 5030 2878 5112 quia
2905 5030 3083 5092 Jesus
3115 5030 3205 5092 sic
3240 5030 3519 5093 clamans
3559 5031 3942 5112 exspirasset,

2471 5128 2822 5190 timuerunt
2878 5128 3080 5203 valde,
3142 5128 3425 5190 dicentes
3487 5147 3501 5190 ε
3555 5128 3712 5190 Vere
3767 5128 3945 5190 Filius

2469 5227 2577 5288 Dei
2628 5235 2762 5289 erat
2813 5227 2952 5301 iste,
3006 5226 3070 5289 id
3123 5233 3237 5301 est,
3290 5226 3609 5289 mirabilia
3657 5228 3774 5289 ista
3819 5243 3944 5308 quae

2472 5324 2771 5399 vidimuS,
2806 5332 3234 5406 protestantur
3271 5325 3442 5406 quod
3495 5325 3800 5387 veraciter
3837 5322 3944 5385 fuit

4039 814 4194 856 Malta.

3977 891 4110 924 xxm,
4139 880 4200 918 53.

4007 4270 4126 4312 Ιὲὲἀ.
4145 4270 4202 4308 54.
