4300 6259
602 799 705 844 Ace.
723 813 766 851 v,
781 800 848 849 36,

579 865 648 908 37.

614 1279 709 1324 Jer.
729 1296 812 1325 xxu

577 1345 624 1387 2¹
635 1376 647 1389 .

568 2666 671 2710 Act.
685 2670 830 2719 xv,¹1.

593 3156 629 3201 11
647 3156 749 3199 Cor.
771 3170 828 3208 ιιι,

567 3223 635 3265 ¹7.

564 4140 826 4190 Galat.v¹,2.

563 4237 776 4342 fhilipp.
789 4251 827 4289 ιι,

593 4432 755 4476 Thren.
769 4446 828 4485 ιιι,

562 4496 632 4538 28.

561 4556 656 4662 {ghi
658 4557 676 4600 1
679 4558 764 4613 ipp.
775 4569 828 4605 ιιι.

601 4812 724 4857 [bid.
747 4815 785 4855 8.

877 482 1000 552 462

1673 502 2021 550 mammo
2063 501 2128 548 IN
2169 501 2307 548 cAP.
2352 502 2396 547 x
2435 500 2711 548 JOANNJS.
2756 521 2837 531 —
2874 501 3017 549 ΛΒΤ.
3062 502 3187 549 XXV

876 693 956 756 ge
991 683 1137 738 ante
1180 673 1413 739 Christi
1455 675 1801 737 adventum
1846 680 2185 747 venerunt,
2218 691 2376 754 qua·
2402 672 2455 735 A
2562 674 2649 733 Et
2680 692 2954 751 pascua,
2992 673 3056 735 id
3104 680 3199 735 est
3246 672 3603 755 spiritualia
3644 672 3972 742 alimenta,

878 774 972 836 les
1011 773 1270 835 fuerunt
1307 772 1591 836 Theodas
1630 781 1694 835 et
1727 772 1916 834 Judas
1945 770 2263 845 Galilaeus,
2297 771 2375 832 de

877 873 1116 955 quibus
1156 872 1458 935 scribitur
1495 873 1562 934 in
1601 871 1863 935 Actibus
1893 870 2372 953 Apostolorum3

879 973 981 1036 vel
1019 972 1098 1034 de
1135 971 1435 1035 omnibus
1473 972 1586 1052 qui
1631 971 1770 1033 sine
1814 969 2084 1043 Christo,
2119 969 2240 1031 hoc
2280 974 2377 1029 est

879 1071 1019 1133 sine
1073 1069 1182 1132 Dei
1242 1069 1460 1143 verbo,
1514 1075 1848 1143 venerunt,
1910 1086 2038 1131 non
2096 1065 2278 1128 missi
2337 1083 2375 1125 a

878 1168 1026 1243 Deo,
1061 1169 1171 1231 sed
1216 1168 1476 1250 proprio
1525 1186 1718 1230 sensu
1761 1184 1829 1229 se
1873 1166 2254 1246 ingerentes.
2288 1164 2373 1225 De

813 1296 843 1334 ι,
875 1267 1176 1349 qualibus
1207 1266 1512 1330 Dominus
1549 1266 1638 1328 ait
1677 1284 1791 1348 per
1824 1264 2159 1327 Ieremiam
2196 1282 2210 1326 ε
2244 1262 2371 1344 Ipsi

875 1364 1237 1440 currebant,
1283 1372 1346 1427 et
1395 1382 1510 1446 ego
1557 1383 1683 1427 non
1725 1362 1870 1426 misi
1910 1380 2038 1426 θος.
2073 1365 2205 1424 Sed
2240 1382 2369 1422 non

873 1467 1232 1526 audierunt
1269 1485 1372 1524 eos
1408 1483 1572 1535 ovea,
1616 1463 1680 1525 id
1729 1470 1845 1537 est,
1887 1460 2170 1523 finaliter
2214 1459 2370 1542 ipsis

873 1582 1000 1627 non
1043 1568 1526 1637 consenserunt,
1559 1560 1854 1643 quamvis
1893 1558 2055 1623 forte
2096 1559 2176 1621 ad
2214 1566 2372 1620 tem-

873 1682 993 1744 pus
1036 1663 1316 1743 deceptae
1359 1660 1508 1721 sint.

965 1763 1101 1838 Eyo
1158 1778 1302 1820 sum
1351 1760 1588 1819 ostium
1642 1756 1838 1837 (sicut
1896 1774 2067 1818 nunc
2124 1755 2367 1817 dictum

871 1860 1014 1939 est).
1051 1861 1180 1920 Per
1211 1878 1308 1919 me
1339 1859 1400 1916 si
1429 1858 1574 1936 quis
1606 1857 1959 1925 introierit,
1992 1854 2056 1916 id
2101 1862 2217 1927 est,
2251 1852 2365 1935 qui
2400 1856 2450 1919 B
2479 1854 2679 1936 patria
2717 1856 3000 1919 inveniet
3038 1874 3273 1938 pascua
3309 1855 3418 1918 illa
3448 1855 3789 1930 uberrima,
3822 1873 3972 1936 quae
4010 1872 4215 1921 neonus:

869 1957 1222 2019 secundum
1261 1954 1611 2019 doctrinam
1653 1962 1716 2015 et
1755 1954 1948 2017 vitam
1989 1971 2195 2015 meam
2226 1971 2367 2015 con-

869 2065 1154 2119 versatus
1197 2053 1412 2127 fuerit,
1455 2052 1568 2135 qui
1610 2070 1724 2134 per
1761 2051 1956 2114 fidem
1999 2059 2061 2113 et
2096 2051 2363 2132 gratiam

868 2172 1074 2215 meam
1106 2151 1576 2233 congregationi
1618 2149 1909 2213 fidelium
1949 2168 2018 2212 se
2051 2150 2362 2231 junxerit,

867 2252 920 2314 si
952 2252 1099 2333 quis
1131 2250 1290 2313 mihi
1322 2251 1547 2312 intima
1575 2248 1832 2312 caritate
1863 2248 2207 2323 inhaeserit,
2240 2251 2363 2309 sal-

867 2352 1156 2420 vabitur,
1204 2347 1324 2411 hoc
1372 2356 1488 2423 est,
1542 2356 1840 2411 aeternam
1899 2346 2360 2409 beatitudinem

867 2453 1314 2529 consequetur,
1367 2464 1667 2527 nuncque
1717 2464 1755 2507 a
1787 2445 2076 2527 ,peccatis
2135 2462 2363 2527 purga-

864 2546 1041 2609 bitur
1075 2566 1088 2609 :
1130 2547 1314 2610 aliter
1351 2544 1636 2609 Christus
1679 2562 1805 2607 non
1849 2551 2015 2605 esset
2053 2542 2357 2606 Salvator.

865 2646 1040 2709 Unde
1099 2646 1163 2708 in
1221 2643 1483 2708 Actibus
1543 2642 1761 2704 Petrus
1820 2642 2120 2704 disseruit
2170 2661 2184 2705 :
2249 2642 2361 2704 Per

861 2744 1125 2825 gratiam
1187 2741 1435 2807 Domini
1498 2740 1692 2804 nostri
1739 2740 1886 2802 Jesu
1934 2740 2165 2803 Christi
2226 2758 2363 2802 cre—

862 2843 1075 2904 dimus
1121 2841 1373 2905 salvari.
1405 2842 1492 2901 Ec
1529 2840 1956 2916 inqrediecur,
1985 2847 2046 2899 et
2077 2840 2361 2916 eyredie-

865 2951 993 3011 tur,
1025 2941 1089 3003 id
1139 2948 1256 3015 est,
1305 2939 1368 3001 in
1415 2937 1747 3000 latitudine
1795 2936 2072 2999 caritatis
2121 2945 2184 2998 et
2232 2936 2360 3018 spi-

2481 770 2735 852 copiose
2764 774 3051 833 inveniet
3089 773 3157 833 in
3197 772 3489 855 praesenti
3528 779 3594 834 ct
3630 770 3697 833 in
3728 769 3971 833 futuro.

2444 867 2663 931 ‘Nunc
2709 870 2881 932 enim
2930 870 3217 952 quotidie
3264 869 3551 933 reficitur
3599 886 3864 951 corpore
3912 877 3975 929 et

2482 967 2789 1047 sanguine
2818 967 3179 1044 SalvatoriS,
3213 969 3605 1031 incremento
3636 966 3971 1039 virtutum,

2482 1065 2911 1130 consolatione
2958 1068 3229 1143 interna,
3272 1068 3427 1131 rivis
3476 1065 3823 1148 sapientiae,
3870 1082 3977 1127 ce-

2480 1166 2762 1246 terisque
2811 1167 2995 1230 donis
3050 1176 3114 1229 et
3160 1164 3647 1229 charismatibus
3694 1163 3973 1247 Spiritus

2480 1260 2712 1326 Sancti.
2766 1264 2875 1327 His
2933 1265 3117 1329 bonis
3173 1266 3387 1328 anima
3443 1282 3511 1326 se
3567 1263 3769 1346 ipsam
3824 1263 3975 1324 dili-

2476 1370 2699 1441 genter
2744 1365 3127 1439 custodienS,
3164 1372 3233 1427 ut
3275 1363 3517 1446 Sponso
3565 1382 3681 1425 suo
3728 1362 3971 1425 coelesti

2479 1478 2547 1522 se
2588 1461 3147 1525 incontaminatam
3187 1462 3502 1537 exhibeat,
3534 1460 3809 1523 feliciter
3850 1461 3975 1522 im-

2480 1559 2823 1641 pinguatur
2882 1568 2945 1622 et
3003 1560 3414 1635 confortatur,
3476 1561 3563 1621 ita
3625 1568 3695 1621 ut
3750 1558 3971 1621 cibum

2476 1658 2757 1721 fastidiat
2802 1660 3195 1742 corporalem
3254 1676 3638 1740 omnemque
3687 1658 3972 1721 consola—

2475 1756 2713 1819 tionem
2764 1758 3079 1821 carnalem
3130 1766 3193 1820 et
3240 1758 3625 1821 saecularem.
3668 1755 3855 1820 Porro
3903 1756 3969 1819 in

2474 1953 2697 2016 oculus
2748 1972 2872 2017 non
2924 1954 3103 2029 vidit,
3152 1973 3269 2017 nec
3314 1954 3487 2016 auris
3534 1954 3799 2028 audivit,
3846 1937 4017 2015 nec¹

2474 2051 2539 2113 in
2571 2070 2681 2115 cor
2717 2052 2995 2115 hominis
3032 2054 3453 2115 ascenderunt
3488 2068 3502 2113 ε
3536 2052 3646 2114 ubi
3676 2051 3839 2113 Deus
3866 2060 3969 2113 est
4018 2071 4207 2121 icona.

4016 1950 4055 1981 8.
4072 1950 4165 1985 niv,

2472 2152 2687 2214 omnia
2745 2152 2809 2213 in
2867 2152 3189 2228 omnibuS,
3250 2170 3601 2233 omnesque
3654 2150 3823 2213 Beati
3881 2151 3964 2213 de
3990 2136 4055 2177 ²⁸·

2472 2249 2611 2330 ejus
2659 2250 2963 2313 fruitione
3018 2258 3462 2315 contentantur
3518 2258 3580 2313 et
3626 2250 3967 2333 superdul-

2472 2348 2727 2411 cissime
2771 2350 3101 2412 satiantur.

2550 2452 2692 2509 Fur
2736 2468 2867 2510 non
2916 2450 3115 2517 venit,
3167 2448 3229 2510 id
3278 2456 3394 2523 est,
3446 2448 3741 2512 seductor
3798 2448 3965 2510 indi-

2467 2562 2713 2626 gnusve
2754 2554 2965 2627 pastor
3003 2565 3131 2609 non
3169 2547 3411 2609 accedit
3440 2546 3690 2621 fideles,
3723 2548 3857 2608 nisi
3882 2557 3963 2609 ut

2470 2645 2757 2723 furetur,
2808 2644 2929 2707 hoc
2985 2652 3103 2719 est,
3154 2662 3303 2708 oves
3350 2644 3581 2708 Christi
3632 2645 3965 2708 subtrahat

2473 2742 2739 2817 Christo,
2784 2750 2847 2804 et
2886 2741 3178 2807 officium
3226 2742 3348 2804 sibi
3397 2742 3751 2806 indebitum
3804 2764 3965 2828 prae-

2472 2849 2843 2923 sumptuose
2890 2848 3175 2923 usurpet.
3227 2840 3523 2913 Quamvis
3571 2843 3745 2905 enim
3794 2844 3965 2906 dicat

2470 2958 2539 3001 se
2578 2940 2697 3003 hoc
2736 2959 2862 3003 non
2902 2940 3252 3015 intendere,
3285 2950 3495 3003 tamen
3526 2941 3691 3003 male
3719 2943 3963 3023 agendo

863 3040 1023 3102 ritus
1062 3038 1352 3101 libertate
1393 3036 1769 3111 versabitur,
1801 3035 1956 3117 quia
1992 3035 2094 3097 lex
2127 3035 2357 3099 Christi
2396 3039 2439 3103 C
2469 3048 2530 3101 et
2572 3038 2784 3101 debita
2825 3038 3196 3114 omittendo,
3229 3038 3349 3101 hoc
3384 3038 3558 3101 facit.
3590 3043 3679 3102 Et
3707 3050 3957 3114 mactet,

862 3146 960 3201 est
1016 3139 1118 3200 lex
1175 3136 1432 3210 amoris,
1485 3142 1547 3197 et
1597 3134 1706 3196 ubi
1756 3132 2030 3215 Spiritus
2078 3134 2354 3209 Domini,

863 3236 951 3299 ibi
995 3236 1276 3299 libertas.
1321 3234 1536 3315 ltaque
1579 3232 1990 3313 ingredietur,
2035 3233 2359 3296 redeundo

859 3337 938 3398 ad
977 3335 1300 3417 propriam
1331 3331 1806 3406 conscientiam,
1839 3332 2261 3394 examinando
2288 3348 2357 3393 se

861 3434 1099 3516 ipsum,
1132 3439 1326 3513 atque
1371 3430 1782 3494 interioribus
1828 3430 2138 3493 virtutum
2190 3430 2359 3494 theo-

859 3533 1210 3614 logicarum
1259 3530 1508 3593 actibus
1557 3528 1953 3607 insistend03
2008 3536 2072 3591 et
2113 3530 2357 3609 egredi-

859 3638 1001 3693 etur
1044 3631 1121 3692 de
1174 3628 1396 3691 habitu
1445 3628 1728 3690 virtuoso
1777 3627 1842 3688 in
1891 3646 2053 3709 opus
2099 3628 2358 3691 merito-

859 3729 1052 3803 rium,
1105 3728 1182 3789 de
1233 3725 1594 3807 cognitione
1641 3725 1720 3787 ad
1767 3726 2222 3806 operationem,
2276 3726 2353 3787 de

858 3827 962 3890 via
1027 3827 1104 3888 ad
1168 3825 1460 3907 patriam.
1523 3822 1894 3903 Egredietur
1959 3841 2219 3905 quoque
2275 3824 2354 3886 ad

859 3924 1204 4006 proximOS‚
1253 3921 1380 3984 illis
1429 3920 1924 3983 misericorditer
1972 3923 2356 3985 condescen-

861 4024 1088 4095 dendo,
1141 4020 1550 4093 consulendo,
1612 4018 2069 4095 subveniendo,
2131 4039 2357 4101 quem-

857 4121 1199 4183 admodum
1245 4119 1399 4182 dicit
1439 4118 1776 4201 Apostolus
1820 4136 1834 4180 ε
1878 4119 2051 4180 Alter
2091 4120 2354 4183 alterius

2465 3148 2525 3198 et
2558 3141 2818 3215 perdat,
2848 3137 2912 3199 id
2956 3144 3071 3211 est,
3116 3136 3531 3219 spiritualiter
3570 3138 3835 3214 occidat,
3866 3146 3961 3200 at—

2465 3253 2593 3316 que
2630 3236 2709 3297 ad
2752 3234 3214 3317 sempiternum
3256 3235 3559 3317 perducat
3600 3236 3951 3299 interitum.

2467 3333 2643 3396 Tales
2693 3342 2842 3396 sunt
2888 3332 3277 3413 negligentes
3326 3334 3589 3416 praelati‚
3642 3337 3949 3411 carnalos,

2464 3432 2637 3496 avari
2688 3441 2750 3496 et
2796 3432 3118 3495 ambitiosi
3168 3450 3181 3493 :
3226 3432 3462 3513 quibus
3512 3433 3817 3497 Dominus
3864 3434 3954 3496 ait

4092 2449 4149 2503 {0

4184 1942 4217 1979 ὁ.

2466 3549 2579 3613 per
2627 3530 3020 3593 Ezechielem
3068 3548 3081 3593 ε
3129 3529 3233 3593 Vae
3280 3531 3637 3613 pastoribus
3685 3533 3801 3614 qui
3850 3552 3954 3616 pa-
4030 3556 4178 3599 emi.

2463 3629 2725 3692 scebant
2770 3629 3165 3709 semetipsos.
3216 3628 3339 3691 Lac
3389 3630 3837 3707 comedebatis,
3886 3640 3952 3694 et
3978 3620 4204 3727 ζξζῌὶ

2462 3728 2605 3790 lana
2652 3726 3135 3810 operiebamini,
3175 3744 3429 3808 gregem
3475 3736 3687 3791 autem
3737 3748 3947 3792 meum

2462 3845 2589 3889 non
2652 3824 3047 3907 pascebatis;
3097 3842 3213 3906 ego
3272 3824 3571 3889 Dominus
3630 3828 3949 3908 requiram

2461 3942 2716 4006 gregem
2756 3929 2974 3986 meum
3010 3924 3089 3985 de
3128 3941 3321 3985 manu
3358 3940 3601 3987 eorum.
3632 3928 3773 4003 Eyo
3803 3930 3953 3988 veni

2462 4024 2530 4086 in
2572 4024 2883 4085 mundum
2922 4040 3037 4105 per
3077 4022 3595 4098 incarnationem,
3628 4032 3689 4085 et
3730 4026 3795 4087 in
3835 4045 3952 4107 pu-

2464 4122 2704 4184 blicum
2738 4140 2851 4203 per
2880 4120 3413 4203 praedicationem,
3448 4132 3521 4183 uc
3556 4140 3707 4185 oves
3748 4126 3947 4184 vitam

857 4236 1052 4283 onera
1089 4224 1373 4300 portate;
1416 4224 1498 4291 et,
1533 4216 1666 4279 Non
1707 4236 1852 4298 quae
1888 4236 2001 4278 sua
2043 4225 2193 4280 sunt
2226 4218 2356 4281 sin·
2386 4226 2435 4287 D
2460 4220 2679 4301 gratiae
2714 4222 2987 4282 habeant
3034 4219 3101 4281 in
3152 4220 3470 4301 praesenti,
3508 4230 3569 4282 et
3611 4223 3949 4283 abundan-

856 4318 988 4399 guli
1021 4316 1513 4392 consideranteS,
1539 4316 1648 4378 sed
1677 4334 1822 4396 quae
1849 4315 2140 4378 aliorum.
2164 4316 2355 4398 Egre-

858 4416 1070 4479 dietur
1106 4416 1367 4478 demum
1405 4414 1710 4496 quotidie,
1743 4413 2012 4477 levando
2051 4432 2119 4476 se
2160 4434 2353 4499 super

859 4533 948 4591 se,
1003 4522 1071 4576 ut
1119 4514 1201 4575 sit
1248 4512 1643 4576 conversatio
1693 4530 1806 4574 sua
1854 4511 1921 4573 in
1971 4512 2171 4587 coelis,
2219 4534 2355 4578 om-

857 4612 1180 4694 nibusque
1228 4611 1496 4674 terrenis
1553 4629 1626 4672 ac
1685 4610 2098 4673 sensibilibus
2161 4612 2351 4677 rebus

858 4710 1264 4785 transcensiS,
1319 4709 1450 4773 sola
1507 4708 1810 4783 coelestia,
1873 4709 2233 4791 spiritualia
2290 4720 2353 4774 et

855 4817 1089 4873 aeterna
1127 4809 1613 4890 contempletur,
1645 4814 1833 4881 amet,
1869 4808 2191 4889 recogitet,
2224 4829 2356 4874 om-

857 4910 964 4972 nia
990 4908 1305 4971 arbitrans
1347 4915 1417 4969 ut
1453 4915 1729 4970 stercora
1769 4915 2029 4989 propter
2065 4908 2355 4971 eminen-

855 5015 983 5072 tem
1029 5006 1358 5070 scientiam
1404 5005 1656 5070 Christi.

2466 4322 2593 4380 tius
2639 4321 2937 4387 habeant,
2988 4317 3051 4379 id
3103 4325 3221 4392 est,
3274 4317 3527 4400 plenam
3578 4318 3941 4383 felicitatem

2462 4436 2572 4479 seu
2613 4418 2808 4480 vitam
2853 4416 3072 4497 gloriae
3112 4418 3455 4480 sortiantur
3499 4418 3564 4480 in
3606 4420 3831 4501 patria.
3866 4420 3944 4481 De

2461 4535 2589 4598 qua
2634 4514 3020 4577 abundantia
3073 4514 3550 4597 abundantique
3603 4517 3807 4597 gloria
3852 4536 3947 4581 ce-

2461 4614 2620 4678 cinit
2668 4613 2855 4676 isaias
2907 4632 2922 4676 :
2974 4612 3285 4676 Gaudium
3332 4623 3395 4676 et
3444 4615 3658 4679 laetitia
3705 4617 3945 4680 inveni-
3998 4629 4058 4673 ιε.
4079 4643 4124 4677 υ.
4144 4632 4175 4669 ³-

2461 4720 2603 4775 etur
2632 4713 2697 4774 in
2730 4730 2822 4787 ea,
2855 4711 3199 4793 gratiarum
3238 4714 3401 4776 actio
3438 4722 3501 4775 et
3537 4733 3658 4777 vox
3697 4715 3938 4796 laudis3

2462 4813 2767 4893 itemque,
2799 4810 3040 4873 Laetitia
3086 4811 3473 4893 sempiterna
3516 4832 3709 4895 super
3740 4816 3941 4897 capita
4016 4826 4197 4869 man:

2461 4930 2706 4985 eorum,
2750 4910 3055 4991 gaudium
3107 4918 3172 4972 et
3220 4910 3501 4973 laetitiam
3538 4911 3936 4987 obtinebunt,
3969 4902 3993 4931 ¹

2460 5018 2525 5072 et
2567 5010 2769 5090 fugiet
2813 5009 2992 5073 dolor
3034 5016 3096 5070 et
3135 5010 3428 5090 gemitus.

3996 4902 4089 4937 xxv,
4104 4890 4159 4928 ¹0.
