4300 6259
864 487 983 552 110

1624 504 1977 552 manuario
2019 505 2086 550 ΙΝ
2126 497 2267 551 CAP.
2314 505 2396 550 XV
2437 503 2626 551 LUGAE.
2673 523 2754 534 -
2793 505 2940 552 ΛΒΤ.
2987 505 3226 552 xxxvm

856 676 1186 758 cipiuntur
1230 696 1243 740 :
1291 676 1402 759 qui
1454 677 1603 739 licet
1652 676 1890 739 intuitu
1941 675 2188 758 praemii
2237 674 2362 738 Deo
2393 675 2444 736 A
2473 682 2581 736 tur
2613 694 2628 738 ε
2669 674 3127 739 Convertimini
3165 678 3241 739 ad
3277 694 3401 751 me,
3435 683 3498 738 et
3531 685 3859 740 convertar
3889 678 3968 739 ad
3993 694 4202 744 zucam.

857 775 1241 847 ministrant,
1284 793 1362 836 ex
1404 791 1619 836 amore
1658 792 1788 855 quo
1827 792 1895 836 se
1935 774 2107 855 ipsos
2146 781 2364 835 amant

856 872 1273 954 spiritualiter
1322 873 1386 934 in
1446 872 1593 946 Deo,
1649 872 2090 955 principaliter
2145 879 2356 932 'tamen

857 970 977 1036 hoc
1020 979 1217 1052 agunt
1269 988 1347 1032 ex
1400 970 1505 1032 Dei
1564 988 1802 1044 amore,
1854 978 2047 1052 atque
2094 970 2173 1031 ad
2223 969 2358 1030 lau-

856 1071 1001 1132 dem
1059 1077 1122 1131 et
1173 1069 1440 1151 gloriam
1498 1070 1639 1149 ejus
1693 1087 1707 1130 :
1758 1070 1836 1131 ad
1893 1087 2087 1150 quam
2144 1067 2358 1129 finali-

854 1174 951 1229 ter
997 1168 1293 1231 ordinant
1347 1185 1415 1229 se
1464 1168 1633 1249 ipsos
1692 1174 1752 1228 et
1806 1184 1996 1229 omne
2053 1165 2356 1228 meritum

856 1285 1043 1328 suum
1082 1285 1155 1328 ac
1195 1266 1570 1348 praemium;
1603 1265 1757 1326 alias
1800 1264 1889 1326 nil
1931 1271 2351 1337 mererentur,

853 1364 1156 1445 quoniam
1204 1381 1393 1428 omne
1440 1382 1601 1446 opus
1661 1363 2058 1425 meritorium
2108 1368 2357 1444 oportet

852 1480 930 1524 ex
960 1461 1177 1525 divina
1215 1463 1557 1545 procedere
1596 1463 1875 1536 caritate,
1912 1480 2058 1543 quae
2094 1463 2223 1523 vita
2260 1469 2357 1523 est

851 1561 1100 1624 animae.
1134 1562 1456 1624 Interdum
1489 1579 1639 1624 vero
1678 1559 2053 1623 mercenarii
2093 1579 2354 1622 sumun-

852 1668 956 1721 tur
995 1659 1063 1721 in
1102 1660 1291 1734 malo,
1327 1667 1480 1741 puta
1522 1677 1636 1742 pro
1678 1659 1777 1721 his
1815 1659 1928 1741 qui
1971 1658 2216 1741 proprii
2259 1658 2356 1720 in-

853 1757 1017 1820 tuitu
1080 1758 1419 1832 commodi,
1474 1774 1588 1820 seu
1656 1768 1916 1840 propter
1978 1757 2354 1838 temporalia

2473 792 2606 836 vos.
2649 773 2807 836 Hinc
2857 776 2933 836 ad
2985 774 3276 838 Hebraeos
3317 783 3532 838 monet
3569 773 3905 856 Apostolus
3947 793 3962 838 τ

2470 873 2782 935 Adeamus
2821 891 2968 935 cum
3011 873 3252 936 fiducia
3286 875 3366 936 ad
3406 873 3704 937 thronum
3748 874 3966 954 gratiae
4025 889 4201 935 aetna.
4255 859 4257 928 ζ

2471 971 2633 1050 ejuS,
2699 979 2768 1033 ut
2823 972 3320 1035 misericordiam
3383 991 3848 1053 consequamur
3905 979 3966 1034 et
3995 957 4054 995 ¹⁶·

2468 1069 2759 1148 gratiam.
2797 1074 2879 1132 Ec
2906 1074 3124 1132 dicam
3151 1073 3228 1141 ei,
3262 1089 3366 1133 me
3394 1073 3745 1134 accusando
3779 1089 3794 1132 :
3825 1071 3967 1151 jux—

2469 1175 2532 1230 ta
2579 1171 2750 1251 quod
2803 1170 3115 1252 scriptum
3173 1178 3268 1232 est
3319 1188 3334 1232 ε
3387 1170 3549 1244 Dixi,
3603 1168 3966 1234 confitebor
3988 1183 4202 1230 Panas.

2466 1267 2804 1329 adversum
2852 1285 2954 1330 me
3000 1268 3382 1347 injustitiam
3423 1286 3630 1330 meam
3673 1267 3960 1331 Domino.

2466 1368 2686 1438 Pater,
2732 1384 2845 1448 per
2893 1367 3277 1430 creationem
3327 1376 3390 1429 et
3439 1366 3961 1449 redemptionem,

2457 1466 2746 1542 peccavi,
2779 1465 2941 1526 mala
2973 1466 3450 1540 committendo,
3485 1473 3548 1526 et
3586 1465 3752 1528 bona
3779 1465 3967 1528 omit-

2465 1562 2677 1634 tendo,
2731 1564 2805 1623 in
2853 1566 3111 1633 coelum,
3152 1563 3216 1625 id
3262 1570 3360 1624 est
3407 1580 3619 1626 coram
3668 1563 3966 1644 supernis

2465 1659 2821 1741 spiritibus,
2873 1669 2936 1722 et
2984 1661 3347 1743 specialiter
3395 1669 3614 1724 contra
3666 1661 3962 1741 angelum

2465 1757 2610 1820 vitae
2639 1776 2796 1822 meae
2825 1759 3174 1833 custodem,
3210 1759 3397 1840 cujus
3435 1759 3834 1840 praesentiam
3868 1758 3966 1820 in-

852 1857 1312 1938 principaliter,
1359 1856 1479 1919 Deo
1520 1856 1884 1918 ministrant
1923 1874 1937 1918 z
1986 1856 2064 1916 de
2111 1855 2350 1937 quibus
2387 1857 2436 1920 B
2464 1855 2764 1919 honoravi
2801 1858 3141 1938 peccando,
3167 1865 3232 1919 et
3261 1857 3402 1937 ejus
3435 1856 3962 1939 inspirationibus

572 1965 819 2016 Mutet-vn.
850 1954 915 2015 in
976 1953 1313 2035 Evangelio
1372 1960 1632 2016 testatus
1690 1961 1786 2016 est
1834 1953 2143 2028 ChristuS,
2195 1952 2352 2026 Quia

554 2029 739 2078 ²⁵³⁸·
850 2061 1229 2135 receperunt
1275 2054 1633 2115 mercedem
1683 2071 1885 2114 suam.
1934 2050 2113 2114 Tales
2162 2053 2352 2134 quip-

848 2169 929 2235 pe
979 2170 1107 2214 non
1156 2151 1279 2214 sibi
1326 2151 1723 2214 constituunt
1770 2151 1968 2212 Deum
2023 2169 2138 2232 pro
2189 2150 2344 2226 fine,

846 2250 957 2311 sed
1006 2267 1083 2310 ex
1130 2249 1377 2331 privato
1426 2255 1771 2329 operantur
1817 2263 2032 2310 amore
2088 2254 2350 2329 propter

846 2365 915 2410 se
958 2348 1155 2429 ipsos,

926 2449 1063 2523 Eyo
1100 2455 1316 2507 autem
1355 2446 1461 2506 hic
1498 2447 1675 2522 fame
1706 2464 1919 2521 pereo,
1960 2444 2024 2506 id
2071 2451 2188 2518 est,
2231 2460 2347 2525 ego

842 2544 955 2625 qui
1012 2544 1317 2626 quoniam
1372 2541 1551 2605 filius
1610 2561 1753 2604 sum
1814 2541 2010 2604 Patris
2068 2541 2345 2604 coelestis

839 2643 1220 2724 (secundum
1265 2642 1525 2705 modum
1576 2640 2047 2722 praehabitum),
2084 2658 2346 2722 possum

841 2740 966 2804 Deo
1019 2740 1259 2804 servire
1315 2759 1477 2823 puro
1524 2758 1597 2801 ac
1648 2738 1832 2800 filiali
1881 2755 2118 2813 amore,
2172 2740 2345 2820 quod

840 2839 1029 2902 altius
1074 2848 1168 2901 est
1216 2857 1408 2921 quam
1458 2855 1673 2900 amore
1716 2838 2027 2899 mercedis
2078 2838 2339 2913 servire,

840 2957 919 3000 ex
966 2938 1317 3020 spiritualis
1355 2936 1607 2998 defectu
1654 2935 1974 2999 alimoniae
2018 2935 2082 2997 in
2130 2936 2346 2998 anima

2464 1972 2589 2017 non
2632 1954 3118 2036 acquiescendo.

2541 2050 2864 2128 Praeterea,
2898 2053 3011 2134 qui
3043 2051 3398 2117 Creatorem
3439 2052 3735 2128 offendit,
3771 2055 3962 2117 totius

2460 2158 2764 2214 creaturae
2810 2160 3092 2214 meretur
3130 2150 3446 2214 offensam
3488 2153 3839 2227 incurrere,
3871 2161 3966 2214 at-

2457 2267 2584 2329 que
2626 2257 2695 2311 ut
2732 2248 2941 2312 omnis
2981 2257 3268 2312 creatura
3308 2258 3528 2313 contra
3565 2269 3714 2312 eum
3752 2250 3964 2312 insur-

2454 2355 2578 2427 gat,
2612 2355 2674 2409 et
2702 2347 3012 2410 Creatoris
3053 2348 3152 2410 sui
3194 2348 3261 2410 in
3301 2365 3378 2411 eo
3420 2348 3763 2410 ulciscatur
3792 2349 3963 2430 inju-

2458 2446 2638 2507 riam.
2671 2445 2826 2508 Nam
2865 2453 2928 2507 et
2976 2447 3298 2528 peccando
3336 2446 3404 2508 in
3447 2445 3666 2522 Deum,
3701 2465 3958 2511 omnem

2457 2551 2811 2606 creaturam
2858 2545 3328 2626 quodammodo
3379 2542 3736 2619 inhonorat,
3769 2546 3960 2626 cujus

2457 2643 2654 2704 Deum
2703 2661 2777 2704 ac
2826 2642 3181 2706 Creatorem
3235 2642 3327 2705 sic
3376 2643 3803 2725 parvipendit,
3857 2643 3958 2706 in-

2457 2741 2723 2804 honorat
2770 2759 2883 2802 seu
2923 2741 3169 2822 spernit
3203 2759 3216 2803 :
3251 2742 3790 2823 quemadmodum
3839 2743 3956 2825 qui

2455 2857 2668 2920 regem
2702 2848 3022 2901 terrenum
3057 2839 3293 2919 injuste
3325 2847 3703 2921 percuteret,
3737 2859 3961 2922 quem-

2456 2937 2613 2999 libet
2678 2937 2818 3017 ejus
2885 2937 3214 2999 subditum
3289 2937 3698 3000 inhonoraret
3763 2947 3960 3021 atque

840 3037 1099 3116 morior,
1136 3036 1327 3098 vitam
1354 3035 1571 3116 gratiae
1601 3053 1727 3096 non
1763 3033 2074 3108 habendo,
2109 3042 2173 3096 et
2204 3052 2345 3116 pec·
2383 3037 2425 3102 C
2453 3034 2834 3098 offenderet.
2889 3035 3067 3097 Sicut
3112 3035 3286 3097 enim
3337 3036 3564 3111 honor,
3614 3037 3700 3098 ita
3745 3045 3809 3099 et
3856 3038 3959 3099 in-

840 3143 997 3210 cata,
1032 3153 1177 3217 quae
1224 3143 1375 3197 sunt
1423 3133 1717 3196 interitus
1763 3132 2014 3208 animae,
2055 3133 2345 3214 quotidie

841 3234 1205 3297 incidendo.

917 3333 1047 3397 Hoc
1086 3332 1353 3396 verbum
1394 3331 1679 3395 Christus
1720 3331 1785 3393 in
1826 3349 2096 3412 persona
2140 3349 2344 3392 mem-

841 3434 1100 3497 brorum
1135 3451 1393 3495 suorum
1418 3432 1631 3493 dicere
1656 3438 1889 3512 potest:
1916 3433 2161 3499 Quanti
2188 3451 2344 3492 mer-

837 3534 1112 3603 cenarii,
1146 3531 1210 3592 id
1238 3537 1330 3592 est
1364 3529 1605 3612 praelati
1648 3536 1710 3589 et
1739 3530 2027 3591 doctores
2060 3548 2344 3593 commo-

838 3633 916 3694 da
944 3650 1058 3693 sua
1087 3637 1455 3712 quaerentes
1474 3635 1734 3710 propter
1762 3628 1931 3708 quod
1963 3629 2340 3690 mercenarii

837 3730 1037 3812 magis
1086 3737 1235 3791 sunt
1281 3746 1474 3809 quam
1525 3733 1832 3808 pastoreS,
1876 3727 1948 3787 in
1995 3729 2184 3786 domo
2224 3747 2342 3805 pa·

724 3861 735 3872 ·
838 3831 958 3890 tris
1009 3830 1160 3898 mei,
1213 3826 1457 3889 scilicet
1516 3825 1581 3886 in
1644 3823 1942 3899 Ecclesia,
1996 3826 2340 3886 abundant

828 3928 1135 4004 panibus,
1170 3925 1233 3988 id
1276 3932 1371 3986 est
1417 3923 1738 3986 alimentis
1779 3921 2242 4005 corporalibuS,
2277 3931 2339 3985 et

835 4025 1099 4088 scientia
1129 4023 1616 4105 Scripturarum‚
1642 4030 1706 4083 et
1734 4021 2173 4084 sacramentis!
2200 4025 2336 4098 Eyo

835 4135 1053 4186 autem
1100 4123 1166 4185 in
1214 4121 1519 4185 memhris
1569 4121 1752 4203 meis,
1796 4129 1948 4203 puta
1996 4120 2216 4202 egenis
2263 4140 2338 4184 ac

2454 3134 2784 3198 honoratio
2832 3133 2995 3214 regis
3043 3141 3108 3194 et
3149 3133 3494 3214 cujuslibet
3533 3135 3954 3216 praesidentiS‚

2455 3233 2764 3294 redundat
2812 3231 2878 3294 in
2925 3231 3234 3294 subditos.
3285 3231 3731 3294 Verumtamen
3783 3252 3958 3296 crea—

2451 3339 2595 3393 tura
2642 3329 3228 3412 incomparabiliter
3271 3331 3469 3411 magis
3519 3331 3706 3394 debet
3752 3331 3952 3394 Deum

2453 3435 2798 3492 creatorem
2830 3446 3018 3489 suum
3057 3445 3268 3490 amare
3305 3445 3377 3490 ac
3409 3429 3718 3504 venerari,
3752 3448 3947 3511 quam

2453 3527 2692 3590 subditi
2733 3544 2944 3608 regem
2982 3535 3330 3588 terrenum.
3369 3525 3541 3589 Unde
3578 3528 3658 3590 de
3697 3527 3804 3590 Dei
3851 3529 3955 3591 in-

2453 3626 2866 3689 honoratione
2897 3641 3144 3686 summe
3173 3625 3519 3688 dolendum
3556 3634 3672 3688 est.
3709 3626 3950 3690 Rursus

2452 3725 2708 3799 coelum‚
2761 3730 2949 3798 terra,
2995 3731 3058 3785 et
3106 3731 3315 3785 cetera
3359 3741 3506 3804 quae
3555 3725 3950 3788 intellectum

2451 3843 2576 3886 non
2637 3821 2894 3897 habent,
2946 3822 3146 3884 Deum
3203 3822 3618 3886 materialiter
3665 3823 3947 3906 laudant,

2447 3922 2856 3995 benedicunt,
2901 3920 3264 4002 glorificant
3308 3929 3371 3983 et
3419 3921 3751 3998 honorant,
3794 3924 3952 4005 quia

2449 4019 2997 4083 considerantibus
3045 4035 3118 4080 ea
3160 4020 3503 4082 ostendunt
3539 4020 3736 4082 Deum
3777 4039 3949 4084 crea-

2447 4126 2646 4182 torem
2679 4137 2866 4180 suum
2906 4136 3099 4200 super
3125 4117 3341 4180 omnia
3378 4134 3519 4180 esse
3556 4117 3944 4182 laudandum

836 4222 1129 4296 subditis,
1162 4224 1339 4299 fame
1372 4240 1583 4299 pereo,
1620 4237 1697 4281 ex
1740 4218 1993 4281 defectu
2044 4219 2337 4281 materia·
2367 4226 2414 4288 D
2446 4225 2509 4279 et
2555 4217 2994 4281 honorandum
3042 4234 3056 4279 :
3099 4216 3339 4280 idcirco
3383 4217 3496 4297 qui
3550 4227 3787 4299 peccat,
3833 4218 3944 4281 illa

833 4322 913 4384 lis
952 4321 1079 4384 cibi
1116 4328 1226 4382 aut
1262 4319 1611 4402 spiritualis
1651 4319 1872 4393 edulii,
1907 4318 1971 4380 id
2017 4324 2115 4378 est
2153 4317 2332 4380 verbi

834 4419 943 4482 Dei
986 4429 1050 4483 et
1091 4419 1241 4482 boni
1285 4417 1587 4499 exempli.

913 4521 1229 4596 Sur-qam,
1259 4517 1322 4579 id
1369 4524 1485 4590 est,
1519 4535 1556 4577 a
1603 4523 1862 4598 peccato
1913 4514 2236 4590 desistam,
2271 4523 2333 4577 et

833 4637 870 4680 a
917 4617 1186 4679 terrenis
1234 4615 1312 4676 ad
1361 4613 1641 4677 coelestia
1688 4632 1790 4676 me
1839 4613 2063 4676 levabo
2107 4633 2120 4676 :
2167 4612 2334 4676 sicut

575 4725 804 4781 ΕΡΜσ-ν,
836 4716 1121 4779 hortatur
1158 4712 1517 4796 ApostoluS‚
1550 4711 1769 4793 Surge,
1802 4712 1915 4793 qui
1956 4712 2234 4793 dormis3
2268 4720 2332 4774 et

540 4790 779 4902 ¹J;‚„,‚2,
834 4814 1045 4888 Isaias,
1098 4813 1407 4875 Excutere
1453 4811 1531 4872 de
1583 4810 1881 4893 pulvere3
1930 4820 1991 4872 et
2038 4813 2167 4881 ihc,
2216 4827 2330 4892 per

836 4913 1067 4976 mentis
1107 4910 1585 4976 conversionem
1627 4926 1967 4990 veramque
2007 4909 2331 4972 contritio-

837 5031 1006 5087 nem,
1038 5015 1125 5072 ad
1162 5020 1416 5088 patrem
1458 5028 1673 5069 meum
1712 5007 2033 5070 coelestem
2089 5006 2328 5088 ubique

534 5137 803 5190 mamm
837 5119 1214 5193 praesentem
1251 5127 1264 5171 ε
1302 5115 1489 5191 prout
1517 5113 1735 5170 monet
1764 5103 2113 5178 Psalmista,
2138 5105 2328 5168 Acce-

834 5211 961 5273 dite
990 5209 1068 5271 ad
1098 5225 1264 5281 eum,
1290 5213 1353 5268 et
1382 5203 1855 5267 illuminamini.
1876 5202 2049 5265 Unde
2079 5221 2196 5285 per
2226 5203 2328 5266 Za-

832 5307 1114 5370 chariam
1152 5303 1455 5368 Dominus
1485 5299 2079 5364 misericordissime
2118 5301 2327 5383 loqui-

632 4522 700 4577 18

2445 4317 2911 4397 quodammodo
2951 4314 3307 4389 inhonorat,
3350 4315 3504 4397 quia
3545 4334 3764 4379 eorum
3809 4337 3944 4379 ma-

2445 4414 2776 4477 terialibus
2825 4413 3294 4476 laudationibus
3338 4413 3589 4476 realiter
3625 4417 3944 4479 contradi-

2443 4515 2567 4594 cit;
2603 4514 2823 4595 sicque
2863 4512 3266 4594 potissimum
3307 4522 3526 4594 peccat
3570 4513 3635 4575 in
3677 4515 3936 4592 coelum,

2443 4614 2615 4694 quod
2667 4631 2798 4694 prae
2846 4611 3072 4674 ceteris
3121 4611 3557 4693 corporalibus
3606 4615 3936 4688 creaturiS,

2443 4712 2676 4774 clarius
2731 4709 3376 4793 magnificentiusque
3422 4713 3697 4774 ostendit
3742 4732 3938 4794 quam

2443 4809 3024 4892 incomparabiliter
3054 4808 3458 4872 honorandus
3490 4809 3571 4871 sit
3599 4810 3775 4873 Deus.
3801 4810 3938 4874 Pec-

2441 4917 2612 4973 cator
2651 4926 2908 4990 quoque
2945 4907 3011 4969 in
3051 4907 3282 4971 coelum
3327 4915 3564 4989 peccat,
3597 4909 3750 4991 quia
3788 4928 3937 4991 pec-

2438 5007 2639 5071 cando
2682 5013 2960 5069 meretur
3001 5005 3242 5068 coelesti
3292 5006 3622 5070 mansione
3670 5007 3929 5088 privari.

2519 5109 2605 5168 Ει
2647 5125 2863 5166 coram
2907 5114 2988 5174 te,
3017 5105 3126 5184 qui
3178 5105 3392 5167 omnia
3439 5105 3790 5168 clarissime
3837 5108 3935 5169 in-

2435 5204 2636 5266 tueris
2691 5222 2704 5266 :
2757 5203 2900 5267 ideo
2947 5203 3353 5284 impudenter
3399 5211 3463 5265 et
3508 5203 3933 5268 irreverenter

2435 5321 2540 5365 me
2580 5302 2799 5378 habui,
2833 5304 3004 5385 quod
3053 5309 3115 5364 te
3161 5309 3470 5384 praesente
3512 5311 3576 5364 et
3616 5305 3931 5388 conspici-
