4300 6259
1105 507 1457 556 ENARRATIO
1501 507 1564 554 m
1606 506 1744 554 CAP-
1791 507 1876 552 XX
1916 507 2190 554 JoANle.
2236 527 2317 538 -·
2359 509 2501 556 Aur.
2550 511 2712 558 van

3344 498 3467 564 605

345 677 616 740 tulisset
649 677 838 741 Maria
855 683 896 740 2-
915 678 988 741 Et
1023 680 1076 741 si
1124 680 1300 750 alibi,
1334 679 1655 761 quomodo
1699 677 1858 740 illud
1890 676 1938 737 A
1971 685 2139 740 tactu
2185 697 2507 762 corporeo,
2554 699 2670 743 nec
2714 682 3033 764 spirituali
3083 683 3367 766 indignO,
3403 684 3467 746 id

347 795 476 858 per
513 795 582 838 se
626 779 824 842 solam
869 779 1258 860 bajulasset?
1290 778 1408 841 Sed
1448 778 1610 841 forte
1652 777 1861 839 dicere

345 876 564 938 voluit
601 895 613 938 :
651 876 776 958 Ego
819 896 967 939 eum
1014 878 1234 940 tollam
1279 877 1516 940 auxilio
1563 877 1856 938 aliorum.

345 973 671 1056 Loquitur
710 983 921 1038 tamen
972 978 1107 1040 haec
1153 976 1520 1039 beatissima
1557 975 1862 1056 Magdale-

349 1093 460 1148 na,
495 1075 681 1156 quasi
726 1076 1126 1157 paratissima
1169 1095 1238 1138 se
1279 1093 1598 1157 exponere
1639 1074 1860 1137 mortis

349 1174 671 1254 periculo,
707 1183 776 1236 ut
816 1194 1050 1258 corpus
1089 1175 1340 1238 Domini
1385 1175 1482 1236 sui
1525 1174 1725 1257 possit
1759 1192 1861 1236 ac-

348 1291 640 1353 quirere.

1969 784 2084 846 est,
2123 778 2251 840 noli
2308 780 2385 840 de
2433 797 2537 841 me
2586 781 2821 842 sentire
2878 801 3051 844 nunc
3100 783 3263 846 sicut
3313 784 3469 846 huc-

1972 894 2197 957 usque,
2252 877 2381 940 noli
2432 877 2591 939 mihi
2643 880 2813 941 uniri
2876 881 3085 943 solum
3140 889 3251 944 aut
3306 882 3469 946 fina-

1971 973 2114 1035 liter
2160 977 2368 1055 quoad
2420 985 2709 1040 naturam
2771 978 2931 1042 hanc
2990 997 3195 1042 meam
3247 981 3468 1044 visibi-

1969 1071 2138 1152 lem3
2190 1078 2483 1136 nondum
2532 1080 2708 1137 enim
2755 1080 3018 1139 ascendi
3062 1081 3150 1140 ad
3198 1082 3466 1142 Patrem

1970 1191 2183 1233 meum
2214 1193 2237 1231 .·
2277 1173 2341 1234 id
2382 1180 2501 1248 est,
2533 1175 2613 1236 ad
2653 1174 2849 1236 Patris
2890 1176 3317 1257 aequalitatem
3362 1195 3467 1240 me

1969 1270 2339 1350 pervenisse
2382 1290 2507 1335 non
2553 1273 2781 1346 crediS‚
2828 1274 2938 1335 sed
2983 1274 3309 1340 hominem
3357 1295 3469 1358 pu-

143 1375 208 1428 16
437 1373 618 1433 Dicit
665 1374 728 1431 ci
772 1375 954 1432 Jesus
994 1392 1018 1432 .·
1055 1373 1302 1433 Maria.
1350 1374 1662 1432 Conversa
1711 1373 1855 1438 illa,
1967 1386 2109 1429 rum
2141 1369 2490 1444 existimaS,
2526 1369 2763 1434 idcirco
2804 1391 2929 1434 non
2972 1372 3163 1435 debes
3204 1392 3308 1435 me
3338 1382 3469 1436 tan-

348 1471 521 1530 dicit
549 1472 636 1538 ei,
667 1473 966 1531 Rabboni
995 1491 1018 1529 .·
1048 1473 1220 1549 quod
1247 1472 1497 1531 dicitur
1529 1471 1852 1547 mayister.
1963 1484 2134 1546 gere,
2171 1467 2501 1530 sentiendo
2532 1469 2609 1530 de
2640 1487 2743 1530 me
2774 1470 2987 1532 minus
3019 1471 3229 1552 digne,
3258 1491 3467 1536 aman-

349 1566 578 1631 Statim
622 1576 692 1629 ut
719 1569 898 1630 Jesus
940 1569 1120 1642 dixit,
1152 1568 1363 1644 Maria,
1399 1569 1694 1649 cognovit
1729 1588 1859 1630 ma·
1966 1565 2176 1646 doque
2214 1585 2315 1628 me
2356 1574 2423 1627 ut
2462 1566 2789 1630 hominem
2830 1577 3091 1632 tantum.
3129 1570 3466 1636 Prohibuit

345 1667 628 1746 gistrum
669 1667 1004 1748 discipula.
1041 1665 1144 1729 Sic
1189 1685 1464 1747 namque
1515 1685 1859 1730 consueve-
1965 1683 2112 1745 ergo
2152 1665 2437 1728 Christus
2477 1684 2513 1727 a
2550 1665 2739 1729 Maria
2782 1686 2850 1730 se
2888 1670 3083 1749 tangi,
3120 1689 3246 1734 non
3290 1671 3463 1752 quod

349 1772 450 1826 rat
493 1783 632 1827 eam
674 1783 937 1844 vocare3
972 1773 1034 1827 et
1074 1765 1140 1827 in
1181 1765 1323 1847 ipso
1373 1765 1650 1828 nominis
1701 1784 1855 1829 sono
1967 1770 2109 1844 post
2147 1764 2676 1828 resurrectionem
2720 1773 2953 1828 tactum
2996 1767 3341 1831 mulierum
3374 1769 3464 1832 vi-

349 1864 554 1926 sensit
583 1863 773 1926 Maria
804 1865 934 1927 vim
965 1865 1292 1937 occultam,
1319 1865 1698 1946 solitamque
1726 1865 1855 1927 dul·
1890 1862 1937 1923 B
1965 1862 2140 1936 tavit,
2174 1881 2377 1943 quum
2425 1864 2504 1925 de
2552 1863 2799 1926 duabus
2849 1865 3160 1947 scriptum
3206 1867 3309 1942 sit,
3346 1867 3462 1930 Ac·
3541 1888 3714 1931 unuh.

351 1962 672 2037 cedinem,
707 1981 865 2044 quas
917 1964 1194 2045 experiri
1240 1963 1481 2027 solebat
1522 1971 1669 2026 ante
1714 1983 1854 2047 pas-
1963 1969 2312 2034 cesserunt,
2364 1969 2428 2022 et
2475 1971 2817 2025 tenuerunt
2868 1964 3059 2045 pedes
3112 1964 3296 2046 ejus3
3349 1968 3460 2029 sed
3488 1963 3629 2002 '‘m'’
3660 1953 3701 1994 ⁹·

351 2060 624 2136 sionem,
668 2063 822 2123 dum
872 2061 1051 2124 Jesus
1102 2062 1262 2123 dixit
1306 2063 1384 2124 ad
1433 2080 1594 2136 eam,
1640 2062 1849 2124 Maria.
1963 2067 2223 2141 propter
2250 2059 2582 2142 mysticam
2614 2061 2935 2135 rationem,
2956 2062 3272 2142 videlicet,
3290 2066 3459 2146 quod

351 2157 564 2221 Sensit
595 2178 744 2240 ergo
773 2159 964 2222 Maria
1003 2179 1194 2242 quam
1231 2160 1579 2223 affectuose
1613 2180 1685 2222 ac
1716 2161 1855 2223 dul·
1964 2177 2150 2222 nemo
2190 2158 2377 2221 debet
2414 2177 2561 2221 eum
2602 2159 3021 2242 spiritualiter
3059 2169 3329 2244 tangere,
3366 2163 3462 2226 ni-

277 2305 288 2318 .
354 2258 514 2321 citer
560 2258 740 2320 Jesus
789 2259 947 2321 dixit
996 2260 1072 2321 ad
1123 2277 1284 2333 eam,
1317 2258 1544 2338 Maria:
1579 2277 1854 2341 moxque
1963 2257 2014 2318 si
2068 2257 2297 2319 habeat
2343 2276 2555 2320 veram
2617 2257 2811 2321 fidem
2872 2261 2949 2322 de
3005 2260 3147 2342 ipso
3200 2280 3217 2324 τ
3266 2281 3458 2344 quam

353 2357 572 2420 audito
621 2358 742 2421 hoc
793 2358 1073 2430 nomine,
1118 2366 1181 2419 et
1228 2358 1527 2438 magistro
1577 2359 1848 2439 cognito,
1964 2355 2181 2417 nullus
2231 2356 2441 2431 habet,
2494 2357 2617 2418 nisi
2667 2358 2781 2438 qui
2840 2359 3040 2422 credit
3096 2377 3243 2422 eum
3293 2361 3456 2424 Patri

57 2477 184 2519 cam.
213 2480 320 2527 νη».
353 2455 692 2518 immutata
730 2463 880 2518 sunt
918 2456 1134 2521 omnia
1174 2457 1418 2518 viscera
1455 2456 1617 2537 ejuS,
1650 2456 1855 2538 lique·
1963 2455 2297 2534 aequalem.

355 2553 522 2617 faeta
570 2563 666 2617 est
711 2574 974 2638 quoque
1019 2556 1230 2618 anima
1277 2556 1438 2637 ejuS‚
1475 2563 1542 2618 ut
1581 2556 1852 2618 dilectus

353 2655 608 2718 locutus
659 2663 775 2728 est,
817 2663 881 2716 et
929 2655 1243 2717 maximus
1294 2654 1473 2718 dolor
1514 2654 1577 2716 in
1629 2654 1854 2717 ineffa-

352 2753 486 2816 bile
523 2753 827 2834 gaudium
877 2762 1138 2836 repente
1178 2762 1455 2816 mutatus
1499 2761 1614 2816 est.
1649 2753 1853 2827 Quan—

2067 2555 2231 2614 Vade
2286 2563 2503 2614 aulem
2560 2558 2648 2616 ad
2700 2556 2941 2632 fratres
2999 2577 3186 2629 meo-5,
3239 2558 3303 2620 id
3362 2566 3458 2622 est

1961 2651 2317 2733 ApostoIOS,
2378 2651 2491 2733 qui
2559 2651 2785 2715 fratres
2853 2653 3081 2717 Christi
3152 2656 3457 2719 dicuntur

1964 2756 2224 2831 propter
2252 2757 2492 2811 naturae
2528 2758 2873 2832 assumptae
2912 2751 3281 2832 specificam
3314 2771 3457 2816 con·

351 2860 490 2913 tum
537 2851 710 2915 enim
757 2853 960 2916 doluit
1003 2853 1080 2915 de
1118 2853 1217 2914 sui
1262 2853 1680 2915 amantissimi
1723 2873 1852 2916 ma·
1962 2848 2368 2922 venientium,
2419 2848 2915 2913 conversationis
2973 2850 3387 2915 mutationem
3404 2853 3451 2926 *,
3509 2873 3752 2918 ammun—

349 2951 535 3030 gistri
585 2970 658 3013 ac
701 2951 950 3015 Domini
991 2951 1310 3014 occisione
1357 2959 1421 3014 et
1467 2951 1844 3026 sublatione,
1959 2946 2257 3009 amicitiae
2313 2946 2837 3027 singularitatem,
2889 2954 3269 3031 aeternaeque
3323 2951 3456 3031 glo-
3482 2948 3581 2978 '¹⁰¹¹'

351 3057 600 3112 tantum
657 3049 1047 3130 gloriabatur
1104 3050 1182 3111 de
1231 3050 1370 3130 ejus
1429 3051 1845 3132 apparitione,
1885 3046 1928 3110 C
1963 3045 2071 3107 riae
2118 3045 2555 3108 hereditatem.
2609 3045 2693 3108 De
2740 3046 2978 3127 quibus
3037 3048 3126 3110 ait
3174 3049 3239 3111 in
3290 3049 3458 3112 Psal-

351 3148 858 3222 resuscitatione,
887 3147 1375 3228 glorificatione,
1409 3166 1713 3211 conversa
1743 3149 1852 3211 illa
1961 3163 2065 3207 mo
2099 3162 2112 3206 :
2144 3138 2426 3226 Narrabo
2454 3163 2684 3208 nomen
2719 3153 2901 3208 tuum
2931 3145 3235 3210 fratribus
3267 3149 3448 3211 meis.
3482 3169 3557 3212 Ρ..
3578 3171 3745 3222 aasz.

350 3246 774 3328 spiritualiter
821 3265 856 3308 a
913 3265 1186 3310 moerore
1250 3249 1327 3309 ad
1381 3247 1708 3327 gaudium,
1769 3247 1849 3309 ab
1958 3242 2132 3304 Unde
2193 3243 2271 3304 ad
2338 3242 2629 3307 Hebraeos
2696 3244 2786 3306 ait
2839 3244 3179 3327 Apostolus
3242 3265 3256 3310 :
3316 3247 3450 3312 Non
3482 3267 3744 3320 manum.

349 3343 734 3407 infidelitate
783 3346 1057 3426 quadam
1102 3354 1162 3407 et
1205 3345 1599 3410 dubitatione
1647 3347 1723 3408 ad
1770 3345 1851 3408 fi-

349 3445 494 3506 dem
539 3463 613 3505 ac
656 3444 1128 3506 certitudinem.

450 3541 936 3624 chrysostomus
1002 3561 1151 3606 vero
1213 3543 1616 3623 imaginatur,
1677 3545 1849 3624 quod

347 3639 540 3702 Maria
579 3647 811 3723 putans
848 3639 1059 3702 Jesum
1109 3640 1540 3715 hortulanum,
1577 3641 1712 3705 viso
1750 3660 1844 3717 e0,

347 3739 704 3800 mirabatur
752 3757 868 3800 eur
908 3739 1116 3820 angeli
1166 3740 1223 3801 ei
1269 3746 1504 3801 tantam
1558 3758 1851 3804 reveren—

348 3837 501 3899 tiam
563 3837 1009 3900 exhibuissent
1061 3857 1074 3900 :
1129 3839 1364 3901 idcirco
1423 3839 1734 3901 convertit
1781 3858 1848 3903 se

347 3937 426 3998 ad
469 3936 636 4010 illos,
671 3937 1062 4018 interrogare
1108 3938 1324 4000 volens
1375 3938 1450 3999 de
1496 3938 1636 4001 hoc.
1671 3937 1846 4011 Quod

345 4053 550 4115 quum
600 4034 810 4097 facere
857 4035 1194 4108 ordiretur,
1230 4035 1513 4098 Christus
1562 4036 1721 4098 dixit
1767 4038 1845 4100 ad

346 4149 488 4193 eam
535 4150 549 4194 z
596 4131 806 4193 Mari-a.
855 4131 987 4203 Quo
1027 4133 1265 4208 audito,
1317 4150 1664 4212 agnoscens
1715 4153 1848 4196 ma-

1959 3341 2374 3404 confunditur
2416 3340 2640 3404 fratres
2684 3360 2792 3406 eos
2835 3362 3080 3406 vocare.
3126 3344 3447 3422 Praeterea,

1961 3439 2191 3502 multas
2249 3438 2330 3504 ob
2388 3459 2607 3502 causas
2666 3441 2953 3504 nominat
3000 3460 3105 3506 eos
3153 3443 3381 3506 fratres
3434 3463 3448 3508 :

1960 3538 2189 3619 primo,
2226 3547 2295 3600 ut
2337 3539 2623 3601 ostendat
2668 3557 2735 3600 se
2780 3557 2994 3604 veram
3043 3560 3321 3617 carnem,
3358 3542 3457 3604 in-

1958 3643 2199 3716 tegram
2249 3643 2571 3717 totamque
2619 3636 2963 3700 humanam
3014 3647 3303 3702 naturam
3350 3641 3459 3703 ha-

1958 3735 2110 3797 bere
2168 3743 2309 3817 post
2355 3735 2881 3798 resurrectionem
2942 3737 3109 3799 sicut
3156 3746 3217 3800 et
3264 3747 3453 3820 ante3

1959 3835 2260 3909 secundo,
2315 3841 2393 3921 ut·
2432 3834 2537 3896 det
2593 3833 2718 3894 illis
2776 3832 3081 3896 fiduciam
3144 3838 3449 3900 redeundi

1957 3933 2033 3995 ad
2064 3933 2301 4014 ipsum,
2338 3931 2450 4014 qui
2492 3939 2749 4014 propter
2788 3931 3003 4012 fugam
3043 3932 3124 3996 ali
3166 3934 3304 4017 ipso
3344 3955 3456 4018 po-

1957 4039 2163 4093 terant
2204 4030 2475 4093 nimium
2520 4030 2906 4106 formidare;
2948 4033 3157 4108 tertio,
3191 4043 3454 4116 propter

1957 4140 2235 4193 nostram
2295 4129 2801 4206 instructionem,
2864 4149 2945 4193 ne
3003 4132 3281 4208 exaltati,
3344 4135 3452 4196 de-

67 4251 313 4302 Lumxw,
342 4230 618 4310 gistrum
670 4231 732 4292 in
776 4249 951 4304 voce,
987 4231 1152 4293 sicut
1201 4230 1496 4313 discipuli
1546 4231 1607 4293 in
1662 4233 1844 4314 panis
1875 4230 1926 4294 D
1955 4229 2312 4311 spiciamus·
2350 4247 2456 4291 eos
2506 4247 2651 4291 cum
2693 4228 2933 4310 quibus
2974 4238 3263 4314 tempore
3307 4252 3450 4315 par-

43 4315 110 4364 30,
129 4317 204 4364 3¹,
221 4317 286 4358 35.

45 4545 168 4589 laid.
190 4559 230 4594 x.
248 4549 316 4592 3⁹.

138 5319 208 5376 ¹7

345 4326 678 4403 fractione,
715 4347 936 4390 rursus
985 4329 1297 4392 convertit
1344 4346 1412 4390 se
1455 4330 1534 4391 ad
1580 4349 1749 4406 eum,
1783 4338 1846 4394 et

345 4426 508 4488 dixit
554 4445 568 4488 ε
617 4426 925 4489 Rabboni.
974 4426 1076 4490 Sic
1128 4428 1370 4510 quippe
1431 4437 1845 4492 consueverat

344 4542 494 4587 eum
537 4543 782 4599 vocare,
817 4526 894 4586 ad
939 4525 1124 4604 cujus
1167 4526 1358 4606 pedes
1404 4532 1529 4587 tam
1570 4526 1844 4590 libenter

347 4624 588 4695 sedere,
625 4623 940 4706 cujusque
972 4622 1165 4687 verba
1202 4631 1329 4685 tam
1368 4625 1706 4705 diligenter
1734 4646 1844 4688 au-

346 4721 485 4782 dire
527 4721 794 4784 solebat.
1397 4739 1406 4746 ·

424 4819 554 4881 Hoc
601 4820 791 4894 dieto,
833 4819 1024 4881 Maria
1070 4838 1146 4882 ex
1192 4821 1554 4884 vehementi
1603 4841 1838 4898 amore,

344 4918 456 4998 qui
491 4919 718 4980 intime
757 4926 821 4981 et
859 4919 1222 4981 immediate
1262 4920 1440 5001 cupit
1483 4921 1652 4982 uniri
1682 4941 1844 4984 ama-

347 5022 430 5090 to,
467 5016 672 5079 voluit
711 5017 905 5100 pedes
946 5016 1176 5080 Christi
1215 5019 1515 5101 amplecti
1561 5028 1622 5081 et
1661 5039 1845 5082 oscu-

347 5113 486 5189 lari,
524 5115 860 5196 procidens
899 5124 1045 5177 ante
1093 5133 1259 5192 eum,
1303 5118 1841 5197 quemadmodum

345 5219 494 5274 ante
555 5213 916 5293 passionem
976 5213 1161 5276 solita
1218 5211 1360 5274 fuit.
1424 5215 1569 5277 ldeo
1627 5215 1847 5276 subdi-

349 5317 455 5371 tur
505 5327 520 5372 :
571 5312 752 5372 Dicit
809 5313 872 5372 ei
915 5315 1097 5373 Jesus
1145 5332 1169 5372 .·
1216 5314 1375 5375 Noli
1431 5333 1532 5375 me
1584 5323 1846 5392 tanqere

1956 4327 2165 4388 vitatis
2212 4334 2442 4390 nostrae
2483 4327 3039 4390 conversabamur.

2031 4428 2117 4486 Ει
2153 4428 2262 4486 dic
2298 4427 2439 4486 eis:
2470 4427 2756 4486 Ascendo
2806 4433 2950 4508 post
2997 4426 3131 4489 dies
3183 4447 3439 4509 paucos,

1951 4525 2303 4586 secundum
2348 4530 2633 4586 naturam
2677 4533 3091 4608 assumptam,
3124 4527 3225 4589 cui
3274 4547 3445 4593 com-

1951 4621 2206 4704 petebat
2233 4622 2594 4696 ascendere,
2622 4641 2748 4685 non
2779 4622 3033 4698 divinae,
3058 4629 3146 4686 ad
3176 4630 3444 4690 Patrem

1950 4741 2165 4782 meum
2208 4731 2267 4782 et
2309 4723 2575 4782 Patrem
2620 4729 2924 4782 vestrum.
2978 4720 3283 4787 Distincte
3330 4727 3439 4801 ait,

1950 4818 2195 4880 Patrem
2246 4836 2461 4880 meum
2511 4825 2574 4879 et
2614 4817 2857 4881 Patrem
2903 4829 3185 4884 vestrum
3232 4842 3245 4885 :
3288 4842 3449 4904 quo-

1951 4918 2122 4979 niam
2162 4916 2339 4979 Pater
2376 4925 2674 4992 aeternuS,
2709 4925 2804 4979 est
2841 4916 3019 4980 Pater
3059 4919 3290 4982 Christi
3334 4939 3447 5003 per

1953 5024 2265 5089 naturam,
2292 5016 2565 5078 aliorum
2598 5033 2747 5080 vero
2780 5034 2893 5097 per
2920 5018 3209 5096 gratiam.
3237 5023 3447 5082 Deum

1951 5135 2191 5184 meum,
2250 5115 2601 5176 secundum
2668 5114 2837 5194 quod
2907 5115 3096 5180 homo
3162 5137 3326 5192 sum,
3385 5129 3447 5180 et

1951 5217 2160 5276 Deum
2198 5223 2507 5282 vestrum,
2539 5213 2888 5275 secundum
2934 5217 3105 5295 quod
3156 5234 3269 5298 per
3316 5235 3448 5279 me—

1952 5303 2056 5376 ain
2105 5312 2607 5375 incarnationem
2662 5319 2725 5373 et
2786 5313 3143 5394 passionem
3199 5315 3445 5379 reducti
