4300 6259
100 2846 191 2887 Aet.
208 2858 219 2886 ι

78 3041 189 3084 flam.
201 3055 227 3083 n

222 2848 299 2894 ,¹.

1160 501 1509 548 suanum-10
1551 501 1615 547 m
1657 501 1795 548 car.
1841 501 1929 547 xu
1973 500 2160 546 tucis.
2207 519 2286 530 --
2329 501 2470 547 aar.
2517 500 2712 546 xxxni
3399 483 3474 547 61

1378 905 2027 992 ARTICULUS
2112 906 2484 990 XXXIII

628 1179 1003 1226 Pnostcuno
1044 1177 1506 1224 nLucmATlole
1549 1177 1733 1223 Hums
1776 1175 2053 1222 currum
2094 1175 2445 1234 Duonsscual,
2489 1180 2532 1222 A
2573 1177 2721 1223 Loco
2764 1177 2881 1232 Quo
2924 1177 3165 1223 chrrun
3209 1177 3222 1222 :

1417 1275 1707 1331 nlxt‘rQuss
1749 1275 1832 1320 An
1874 1274 2219 1322 mscu’utos
2264 1276 2434 1321 SUOS.

500 1551 873 1626 OSTQUAM
919 1543 1464 1616 Christus'docuit
1506 1549 2274 1632 immodera-Aquaedam
2336 1553 2845 1635 inquietudinem
2901 1555 3168 1636 gignens
3226 1556 3294 1618 in
3351 1555 3481 1618 ani-

528 1660 667 1713 tum
722 1651 1027 1714 affectum
1084 1653 1531 1734 temporalium
1590 1669 1729 1714 esse
1787 1651 1879 1713 vi-

360 1751 661 1823 tandum,
712 1749 843 1829 jam
899 1751 1083 1813 docet
1138 1751 1329 1812 etiam
1380 1749 1875 1813 sollicitudinem

362 1847 800 1911 inordinatam
858 1849 1362 1911 necessariorum
1420 1848 1709 1910 funditus
1766 1865 1874 1910 ex-

360 1947 766 2029 stirpandam
814 1965 828 2009 :
877 1966 1025 2008 nam
1074 1954 1136 2008 et
1186 1946 1544 2010 sollicitudo
1592 1964 1879 2009 necessa-

362 2046 617 2108 riorum
666 2043 1038 2126 frequenter
1087 2043 1332 2106 inducit
1378 2045 1875 2108 sollicitudinem

360 2143 875 2226 superfluorum.
908 2143 1225 2221 Dioeitque
1260 2146 1348 2203 ad
1386 2145 1737 2220 discipulos
1774 2163 1877 2203 su·

360 2263 457 2304 os.
502 2243 649 2306 Illos
697 2243 942 2324 quippe
982 2241 1059 2303 de
1104 2241 1221 2302 hac
1266 2259 1333 2303 re
1371 2241 1733 2324 specialiter
1782 2241 1877 2302 in-

358 2340 583 2416 struit,
626 2349 689 2402 et
734 2341 813 2402 ad
858 2339 1084 2401 mundi
1135 2339 1361 2402 invitat
1409 2347 1869 2422 contemptum,

358 2439 523 2520 quia
553 2438 755 2500 futuri
786 2446 967 2500 erant
995 2439 1439 2520 praedicatores
1470 2437 1663 2519 hujus
1692 2457 1875 2500 evan·

356 2536 591 2618 gelicae
620 2535 1029 2619 perfectionis
1059 2555 1133 2598 ac
1164 2536 1341 2618 legiS,
1366 2545 1556 2618 atque
1588 2536 1872 2618 magistri

358 2637 565 2700 totius
624 2636 849 2699 mundi
902 2655 917 2699 ε
971 2635 1211 2699 idcirco
1266 2635 1550 2717 oportuit
1595 2655 1701 2699 eos
1755 2637 1874 2698 ista

1986 1669 2109 1724 ma,
2153 1658 2216 1712 et
2251 1669 2328 1713 ex
2367 1651 2726 1714 dissidentia
2757 1655 3030 1734 quadam
3071 1655 3475 1735 provenienS,

1986 1765 2096 1809 seu
2139 1749 2726 1814 immoderationem
2766 1751 3119 1826 includenS,
3170 1771 3296 1834 qua
3333 1753 3479 1834 quis

1983 1846 2170 1908 anxie
2218 1848 2385 1910 circa
2431 1849 2673 1930 aliquid
2715 1858 3082 1931 occupatur,
3125 1851 3306 1932 quasi
3351 1870 3478 1914 non

1986 1954 2152 2007 esset
2199 1947 2597 2027 providentia
2634 1947 2742 2009 Dei
2789 1967 2802 2010 z
2845 1957 2908 2011 et
2945 1950 3023 2011 de
3063 1949 3183 2012 ista
3230 1950 3482 2032 potissi-

1984 2063 2164 2106 mum
2194 2044 2478 2108 Christus
2509 2065 2680 2108 nunc
2711 2045 3000 2128 loquitur.
3016 2047 3102 2109 De
3132 2067 3260 2130 qua
3289 2049 3478 2111 etiam

1980 2143 2059 2204 ad
2100 2141 2538 2224 Philippenses
2569 2144 2906 2226 Apostolus
2941 2145 3116 2220 dicit,
3152 2145 3318 2208 Nihil
3361 2147 3480 2210 sol·
3509 2168 3772 2225 Philippu,

1982 2239 2139 2302 liciti
2192 2241 2328 2303 sitis
2355 2261 2370 2321 ;
2419 2249 2482 2303 et
2531 2241 2595 2303 in
2646 2242 3000 2307 Proverbiis
3048 2243 3339 2308 Salomon
3391 2245 3481 2308 10-
3509 2230 3550 2273 ⁶·

1981 2339 2222 2420 quitur,
2285 2339 2682 2422 Exspectatio
2741 2341 3158 2405 sollicitorum
3217 2343 3474 2425 peribit.
3507 2363 3768 2416 Pruvma.

1979 2438 2119 2500 Alia
2147 2446 2242 2500 est
2271 2439 2628 2503 sollicitudo
2662 2439 3016 2521 prudentiae
3051 2459 3064 2504 :
3098 2447 3162 2502 et
3191 2442 3282 2503 sic
3314 2442 3481 2504 circa

1980 2536 2292 2599 exteriora
2331 2537 2616 2600 ordinate
2666 2537 3014 2614 sollicitari,
3056 2557 3131 2601 ea
3166 2540 3244 2601 ad
3295 2539 3482 2622 spiri-

1981 2636 2176 2698 tualia
2213 2635 2586 2710 ordinand0,
2625 2635 2912 2699 Christus
2957 2639 3306 2720 permittit3
3351 2638 3479 2702 imo

362 2735 583 2818 primo
629 2732 909 2816 perfecte
951 2735 1242 2816 implere,
1279 2743 1468 2817 prout
1509 2736 1587 2796 de
1625 2734 1872 2798 Christo
1907 2733 1955 2796 B
1981 2742 2043 2796 et
2071 2733 2308 2816 quibus
2341 2753 2420 2796 ex
2449 2733 2670 2798 officio
2709 2735 3044 2811 incumbit,
3080 2737 3478 2800 meritorium

358 2833 685 2914 scriptum
724 2839 841 2907 est,
884 2832 1088 2913 Coepit
1123 2831 1303 2894 Jesus
1344 2831 1553 2894 facere
1591 2841 1655 2894 et
1692 2833 1875 2897 doce-

360 2951 459 2994 re.
505 2930 875 2993 Praedicanti
922 2948 1201 3011 namque
1250 2938 1313 2992 et
1360 2950 1485 2995 non
1535 2931 1743 3012 agenti
1786 2932 1876 2994 ait

354 3029 707 3112 Apostolus
744 3047 756 3090 :
791 3027 907 3101 Qui
937 3029 1136 3091 alium
1165 3030 1373 3104 doceS,
1412 3038 1470 3092 te
1501 3030 1713 3112 ipsum
1746 3049 1871 3094 non

358 3130 603 3192 doces?
632 3131 811 3196 Ideo,
844 3128 909 3190 id
938 3134 1055 3202 est,
1089 3127 1243 3208 quia
1270 3128 1501 3204 taliter,
1537 3129 1703 3191 sicut
1738 3130 1869 3211 jam

354 3227 521 3300 dixi,
558 3225 826 3306 contigit
863 3225 1047 3288 diviti
1094 3245 1305 3300 avaro,
1346 3229 1489 3288 dico
1532 3230 1725 3288 vobi-3.
1759 3228 1872 3290 Fe-

353 3325 449 3387 lix
497 3324 675 3386 enim
723 3342 917 3405 quem
961 3323 1205 3385 faciunt
1242 3324 1450 3386 aliena
1493 3326 1721 3387 damna
1760 3345 1870 3407 pe-

353 3424 583 3485 ritum.
619 3423 841 3484 Nolite
876 3423 1145 3482 solliciti
1180 3443 1307 3482 esse
1344 3425 1585 3485 animae
1624 3433 1869 3496 vestrae,

350 3523 420 3584 id
452 3529 553 3583 est
584 3519 766 3582 vobis
805 3536 917 3581 seu
948 3527 1175 3582 vestrae
1205 3537 1492 3601 personae
1525 3540 1538 3583 z
1577 3524 1868 3603 ponendo

348 3627 609 3702 partem
641 3636 759 3699 pro
792 3623 943 3693 toto,
980 3625 1051 3679 ut
1079 3618 1322 3680 dictum
1353 3627 1447 3680 est
1486 3622 1866 3701 praecedenti

350 3716 653 3780 articulo.
700 3715 835 3791 Vel,
876 3715 1122 3779 Animae
1171 3723 1417 3791 vestrae,
1465 3717 1528 3779 id
1578 3726 1673 3780 est
1721 3720 1868 3783 vitae

352 3825 589 3879 vestrae
626 3815 911 3889 animali,
956 3814 1057 3877 vel
1093 3815 1323 3878 animae
1360 3816 1619 3897 proprie
1659 3818 1862 3894 dictae,

1981 2839 2074 2894 est
2119 2832 2240 2894 hoc
2283 2831 2518 2912 ipsum.
2554 2832 2638 2893 De
2683 2833 2801 2894 hac
2846 2832 3274 2896 sollicitudine
3319 2834 3479 2896 dixit

1980 2929 2262 2994 Salvator
2302 2931 2380 2992 ad
2423 2929 2727 2993 Mar-tham
2761 2950 2774 2994 ε
2810 2929 3090 2995 Sollicita
3125 2951 3214 3007 eS,
3247 2941 3310 2994 et
3346 2940 3478 2994 tur·
3505 2961 3608 3004 Luc.
3636 2975 3678 3012 χ,
3699 2965 3771 3007 ⁴¹.

1979 3028 2149 3090 baris
2179 3047 2326 3110 erga
2357 3029 2656 3110 plurima.
2690 3029 2776 3092 De
2805 3047 2933 3112 qua
2961 3030 3319 3113 ApostoluS,
3345 3031 3475 3097 Sol·
3506 3059 3770 3116 adamo,

1979 3126 2191 3189 licitus
2229 3127 2496 3208 (inquit)
2531 3127 2627 3189 fui
2667 3128 2788 3192 hoc
2831 3129 3044 3211 ipsum
3085 3129 3294 3192 facere
3327 3149 3341 3193 :
3379 3138 3478 3192 ut-

1979 3233 2124 3307 pote
2164 3226 2397 3287 sanctis
2440 3226 2830 3308 pauperibus
2869 3228 2981 3307 qui
3025 3229 3091 3290 in
3128 3227 3474 3291 Jerusalem

1975 3331 2174 3398 erant,
2217 3324 2649 3405 eleemosynas
2696 3340 3095 3404 congregare.
3131 3325 3339 3388 Tertia
3381 3336 3478 3389 est

1976 3422 2334 3484 sollicitudo
2393 3420 2764 3502 spiritualiS,
2817 3440 2962 3502 quae
3007 3429 3104 3484 est
3149 3423 3476 3505 diligentia

1976 3521 2183 3584 cordis
2227 3520 2398 3583 circa
2439 3520 2653 3584 divina
2695 3521 3090 3596 charismata,
3135 3530 3198 3585 et
3239 3531 3307 3586 ut
3349 3524 3474 3588 Deo

1974 3619 2443 3701 complaceatur
2469 3636 2482 3681 τ
2509 3639 2652 3700 quae
2680 3627 2774 3682 est
2805 3619 2988 3682 valde
3019 3620 3350 3684 laudanda.
3386 3622 3472 3686 De

1973 3737 2101 3798 qua
2160 3717 2223 3778 in
2284 3716 2538 3780 Michaea
2594 3717 2861 3779 habetur
2914 3736 2927 3780 :
2982 3719 3277 3783 Indicabo
3325 3720 3466 3798 tibi,
3499 3749 3759 3805 Mfeh‚v.‚g‚

1973 3817 2131 3897 quid
2172 3815 2254 3877 sit
2286 3815 2521 3878 bonum
2560 3833 2574 3877 ε
2612 3815 2832 3896 utique
2864 3815 3207 3879 sollicitum
3246 3820 3472 3881 ambu-

351 3935 506 3996 quae
557 3914 801 3995 indiget
849 3913 1016 3988 cibo,
1059 3921 1213 3995 potu
1264 3921 1326 3974 et
1376 3915 1684 3990 vestibuS‚
1739 3937 1863 3981 non
1900 3913 2104 3977 Clare
2142 3932 2354 3976 coram
2396 3912 2539 3975 Deo.
2573 3910 2650 3973 Et
2687 3913 2753 3974 in
2787 3913 3266 3981 Deuteronomio
3301 3936 3314 3980 :
3351 3917 3471 3980 Cu-
3497 3940 3758 3994 Datame.

348 4014 419 4076 in
462 4020 780 4095 quantum
824 4019 921 4074 est
964 4011 1411 4074 intellectualis
1454 4031 1528 4074 ac
1570 4014 1867 4095 spiritua-

350 4112 436 4174 lis
491 4110 791 4184 essentia,
843 4110 954 4172 sed
1012 4109 1076 4170 in
1131 4118 1444 4190 quantum
1497 4118 1591 4173 est
1648 4131 1865 4196 corpo-

351 4212 447 4274 ris
503 4209 735 4284 forma‚
790 4209 950 4271 illud
1002 4226 1383 4272 conservans
1433 4210 1499 4271 in
1550 4211 1679 4274 vita
1726 4232 1863 4276 cor-

352 4327 577 4394 porea,
630 4325 777 4389 quae
820 4307 959 4368 sine
1004 4306 1324 4369 alimentis
1375 4316 1437 4369 θῖ
1485 4314 1863 4389 tegumentis

351 4429 486 4473 non
528 4413 957 4469 conservatur.
987 4404 1215 4466 Anima
1252 4423 1509 4487 quoque
1548 4407 1613 4469 in
1654 4427 1866 4493 corpo-

351 4527 425 4569 re
466 4504 682 4588 posita
718 4511 833 4576 est,
872 4510 945 4564 ut
983 4504 1288 4583 quamdiu
1325 4504 1390 4565 in
1432 4523 1507 4568 eo
1551 4508 1859 4584 consistit,

351 4603 713 4670 virtutibus
762 4619 831 4663 se
877 4601 1079 4682 ipsam
1124 4610 1413 4664 exerceat
1462 4623 1475 4666 z
1528 4607 1698 4685 quod
1747 4605 1866 4669 im-

356 4705 539 4786 plere
596 4719 723 4763 non
774 4699 962 4770 valet,
1015 4698 1139 4760 nisi
1194 4718 1425 4782 corpus
1484 4721 1674 4764 suum
1722 4706 1863 4769 cibo

351 4822 429 4865 ac
462 4797 844 4864 necessariis
882 4805 1291 4873 sustentetur,
1323 4799 1459 4881 ipsa
1495 4819 1752 4883 quoque
1792 4805 1866 4866 il..

354 4902 399 4963 li
452 4899 609 4962 talia
648 4897 1051 4960 administret
1095 4915 1109 4959 ε
1154 4897 1375 4978 sicque
1424 4899 1663 4980 indiget
1710 4902 1860 4964 illis.

357 5000 540 5068 Quid
590 4996 997 5056 manducetis
1026 5017 1053 5064 ,⁰
1098 5015 1303 5074 neque
1358 5001 1613 5075 corpori
1661 5009 1865 5060 vestro

1973 4012 2136 4076 stodi
2186 4011 2592 4092 temetipsum
2643 4018 2708 4072 ct
2753 4011 3030 4073 animam
3077 4021 3248 4076 tuam
3299 4017 3470 4079 solli-

1973 4111 2117 4175 cite.
2143 4111 2466 4183 Praeterea,
2495 4109 2791 4190 quamvis
2822 4109 3106 4172 Christus
3139 4114 3470 4193 prohibeat

1973 4209 2491 4282 sollicitudinem,
2527 4226 2655 4270 non
2686 4215 2893 4270 tamen
2929 4208 3230 4285 laborem,
3266 4230 3467 4292 quum

1973 4310 2283 4392 scriptum
2331 4308 2414 4370 sit
2466 4325 2480 4369 :
2531 4307 2803 4370 Labores
2863 4325 3166 4371 manuum
3213 4317 3465 4372 tuarum
3517 4331 3758 4390 Panum,

1971 4409 2125 4490 quia
2172 4404 2608 4480 manducabiS‚
2653 4404 2876 4467 beatus
2923 4423 2990 4466 es
3033 4413 3096 4466 et
3136 4405 3299 4469 bene
3347 4409 3465 4471 tibi
3494 4397 3535 4439 ²·

1970 4507 2111 4569 erit.
2146 4504 2223 4567 Et·
2259 4504 2596 4586 Apostolus
2637 4503 2795 4565 dixit
2829 4521 2842 4565 ε
2876 4501 2992 4575 Qui
3030 4522 3156 4566 non
3201 4505 3461 4584 laborat,
3495 4529 3755 4584 uramus.

1972 4625 2097 4669 non
2144 4603 2503 4665 manducet.
3495 4597 3560 4638 ¹⁰·

2037 4703 2274 4765 Deinde
2309 4700 2534 4781 legifer
2564 4708 2776 4764 noster
2805 4699 2985 4782 ponit
3013 4702 3319 4765 rationem
3352 4723 3466 4766 cur

1971 4802 2225 4866 vitanda
2255 4801 2337 4862 sit
2377 4799 2736 4863 sollicitudo
2776 4799 3094 4881 praedicta,
3129 4819 3245 4882 per
3271 4820 3464 4883 quam

1971 4902 2230 4964 libertas
2273 4898 2504 4961 mentis
2549 4897 2614 4958 in
2653 4897 2798 4972 Deo,
2834 4906 2896 4960 et
2933 4899 3148 4978 quieta
3190 4901 3461 4976 devoti0,

1973 4998 2346 5079 stabilisque
2387 4995 2709 5079 profectus
2748 4997 2812 5058 in
2856 4997 3294 5078 spiritualibus
3337 5019 3468 5062 ma-

356 5099 525 5176 quid
553 5093 969 5160 induamini,
1004 5093 1067 5154 id
1103 5101 1217 5165 est,
1255 5111 1465 5174 neque
1495 5096 1573 5156 de
1601 5096 1867 5160 alimen·
1900 5101 1945 5162 D
1976 5098 2143 5159 xime
2188 5094 2646 5176 impediuntur.
2679 5097 2926 5156 Anima
2951 5099 3107 5174 plus
3142 5106 3232 5157 est
3267 5118 3466 5177 quam
3599 5117 3672 5173 23

356 5195 442 5256 tis
486 5209 701 5274 neque
744 5191 823 5254 de
867 5189 1263 5253 vestimentis
1307 5191 1444 5254 sitis
1490 5194 1768 5258 solliciti.

442 5291 750 5365 Quocirca
788 5289 1143 5364 sciendum,
1177 5291 1350 5371 quod
1377 5299 1475 5353 est
1509 5293 1869 5356 sollicitudo

1972 5216 2131 5268 esca,
2175 5193 2238 5256 id
2289 5201 2383 5255 est
2431 5191 2690 5272 majoris
2742 5193 3084 5274 dignitatiS‚
3135 5215 3336 5276 quum
3386 5196 3470 5259 sit

1975 5293 2373 5367 immortalis,
2408 5290 2747 5372 vitalisque
2787 5291 3010 5368 forma,
3045 5301 3108 5355 ct
3144 5294 3468 5358 rationalis
