4300 6259
640 2863 808 2908 Matth.

585 2939 696 2976 xxvi,
719 2929 785 2971 ³8.

597 3249 759 3294 loann.
771 3263 851 3301 xvi,

586 3315 629 3358 0.

619 3745 693 3788 Pa.
713 3758 850 3796 cxviii,

587 3808 656 3850 28.

1645 500 1993 548 zuAmrlo
2037 500 2100 546 m
2141 500 2283 546 GAP.
2328 499 2460 546 1111
2502 498 2690 547 LUCAE.
2736 519 2818 530 —
2858 501 3002 548 nr.
3048 501 3234 548 xtvm

878 672 1010 734 suri
1059 680 1242 735 erant
1285 691 1488 754 usque
1537 672 1603 734 in
1647 671 1849 734 finem
1891 672 2114 734 mundi
2158 670 2223 733 in
2270 690 2383 734 sae-
2411 671 2461 732 A
2492 670 2613 732 nisi
2648 671 2811 736 forte
2838 672 3039 735 oratio
3066 671 3299 735 Christi
3330 671 3523 734 fuerit
3556 679 3683 734 tam
3716 672 3987 754 prolixa,

877 771 1022 832 culo
1053 771 1194 844 isto,
1221 772 1535 852 praevidit,
1561 779 1624 832 et
1651 770 1876 833 intime
1905 772 1996 832 eis
2028 769 2377 843 condoluit,

877 869 942 930 in
1001 877 1314 950 quantum
1375 869 1817 932 tribulationes
1879 877 2029 931 sunt
2083 869 2375 949 quaedam

876 966 1045 1028 mala
1091 966 1386 1049 poenalia.

957 1064 1098 1128 Haec
1135 1065 1350 1128 omnia
1387 1084 1534 1128 cum
1575 1065 1802 1127 intima
1840 1065 2279 1148 compassione
2318 1071 2381 1126 et

878 1163 982 1245 pia
1032 1162 1384 1227 imitatione
1431 1181 1698 1246 pensare
1737 1164 2064 1238 debemus,
2099 1171 2163 1227 et
2202 1163 2381 1226 Chri-

877 1269 974 1326 sto
1021 1263 1178 1343 grati
1229 1262 1554 1337 exsistere,
1587 1263 1728 1344 ejus
1777 1281 2038 1346 quoque
2083 1263 2381 1344 exemplo

877 1359 943 1423 in
973 1361 1146 1424 omni
1177 1361 1556 1425 adversitate
1588 1361 1956 1443 patientiam
1995 1361 2376 1440 observare;

876 1467 938 1522 et
974 1467 1260 1542 tempore
1299 1459 1729 1522 tribulationis
1770 1459 1971 1522 Deum
2003 1459 2251 1522 fervide
2284 1461 2382 1521 in-

877 1575 1122 1632 vocare,
1157 1566 1439 1640 tuncque
1489 1557 1799 1640 prolixius
1847 1575 2132 1632 exorare,
2176 1577 2379 1640 quum

877 1655 1084 1737 majus
1141 1655 1335 1719 instat
1392 1656 1802 1738 periculum3
1856 1662 2133 1720 nostram
2190 1657 2381 1718 etiam

877 1755 1267 1817 voluntatem
1326 1755 1558 1817 divinae
1613 1755 1923 1818 voluntati
1985 1753 2383 1818 conformare

2489 771 2663 851 quod
2710 771 3127 832 admiratione
3171 790 3245 832 ac
3288 770 3659 834 alteratione
3710 770 3991 852 praefatis

2489 869 2852 950 aliqualiter
2890 870 3214 951 mitigati5‚
3248 889 3469 933 somno
3504 870 3795 951 oppressi
3836 871 3987 932 sint.

2574 971 2659 1028 Et
2700 972 2797 1030 ait
2845 970 2985 1028 illis
3020 989 3043 1028 .·
3078 971 3251 1036 Quid
3288 970 3641 1029 dormitis?
3686 968 3803 1030 Per
3842 987 3991 1050 quae
4102 974 4164 1028 46

2492 1065 2687 1128 verba
2743 1084 2849 1128 eos
2898 1085 2935 1127 a
2982 1085 3204 1128 somno
3262 1066 3625 1144 suscitavit3
3676 1065 3777 1128 vel
3826 1065 3993 1129 forte

2488 1171 2635 1226 ante
2693 1165 2923 1227 horum
2982 1163 3401 1246 prolationem
3462 1164 3827 1237 verborum,
3884 1183 3994 1226 eos

2488 1263 2707 1344 aliquo
2756 1271 2955 1338 motu,
2996 1270 3163 1324 tactu
3214 1280 3325 1324 seu
3377 1264 3563 1326 modo
3605 1262 3755 1338 alio,
3789 1263 3996 1325 susci-

2492 1361 2669 1424 tavit.
2721 1361 2929 1442 Atque
2976 1361 3210 1441 adjecit
3261 1379 3277 1422 ε
3326 1363 3609 1437 Surqice.
3662 1359 3849 1433 Quasi
3902 1361 3996 1422 di-

2492 1468 2594 1522 cat
2626 1478 2641 1522 ε
2674 1460 2952 1521 Instante
2991 1458 3173 1522 vobis
3210 1465 3383 1521 tanto
3432 1458 3741 1540 periculo,
3776 1466 3839 1520 et
3890 1478 3997 1522 ca-

2494 1557 2712 1639 ptione
2750 1576 2891 1619 mea
2926 1557 3055 1638 jam
3102 1557 3409 1639 proxima,
3444 1576 3569 1619 non
3601 1565 3699 1618 est
3740 1565 3996 1638 tempus

2494 1656 2761 1737 ignaviae
2809 1663 2873 1719 et
2918 1656 3192 1737 torporis
3242 1655 3341 1718 vel
3394 1655 3621 1726 somni,
3674 1656 3787 1717 sed
3836 1656 3999 1736 vigi-

2494 1754 2704 1817 lantiae
2743 1763 2807 1816 et
2848 1754 3311 1835 implorationis
3349 1753 3549 1816 divini
3594 1753 3819 1815 auxilii
3854 1773 3869 1815 ε
3908 1755 4001 1816 id-

877 1872 950 1915 ac
997 1853 1291 1926 subdere,
1324 1861 1517 1934 atque
1554 1853 1788 1917 divinae
1838 1853 2090 1935 pietatis
2132 1853 2384 1934 sapien·
2420 1849 2465 1911 B
2494 1871 2590 1928 eo,
2626 1853 2919 1933 surgatis,
2950 1859 3080 1914 tam
3129 1870 3167 1914 a
3214 1851 3496 1933 corporis
3546 1852 3995 1933 prostratione,

878 1951 1141 2013 tissimae
1169 1970 1244 2013 ac
1285 1959 1561 2034 paternae
1599 1951 2001 2034 dispositioni
2053 1970 2168 2016 nos
2210 1952 2381 2034 ipsos

880 2049 1266 2112 fiducialiter
1308 2049 1717 2131 finaliterque
1760 2050 2179 2113 committere.

963 2151 1049 2209 Et
1085 2168 1288 2227 quum
1323 2151 1707 2209 surrexisset
1738 2151 1819 2208 ab
1857 2150 2177 2218 oratione,
2209 2148 2381 2211 vide-

883 2246 1032 2308 licet
1067 2265 1104 2308 a
1140 2245 1277 2309 loco
1315 2253 1379 2308 et
1414 2253 1558 2308 actu
1600 2245 1794 2326 hujus
1833 2247 2159 2321 orationis,
2192 2257 2252 2308 et
2282 2267 2383 2307 ve-

879 2347 1076 2406 nis-sec
1105 2348 1193 2406 ad
1219 2347 1572 2422 discipulos
1599 2365 1744 2404 suos
1777 2343 2050 2418 Petrum,
2077 2345 2381 2408 Jacobum

880 2452 944 2506 et
987 2443 1312 2516 Joannem,
1365 2443 1474 2525 qui
1528 2442 1652 2504 sibi
1704 2443 1992 2505 redeunti
2046 2443 2255 2525 primo
2315 2444 2379 2506 in

881 2543 983 2605 via
1020 2541 1302 2614 fuerunt,
1339 2543 1591 2602 invenit
1631 2543 1780 2601 illos
1819 2542 2209 2602 dormientes
2242 2561 2383 2618 prae

885 2643 1178 2703 tristicia.
1216 2637 1406 2701 Erant
1433 2639 1606 2701 enim
1638 2639 2203 2701 vehementissime
2233 2659 2383 2703 con-

885 2739 1135 2812 tristati,
1178 2738 1411 2800 auditis
1461 2737 1671 2800 verbis
1721 2736 1950 2800 Christi
2001 2737 2241 2819 quibus
2287 2738 2384 2800 di-

886 2838 997 2912 xit,
1032 2837 1252 2899 Tristis
1295 2843 1390 2898 est
1425 2836 1638 2898 anima
1675 2853 1818 2897 mea
1853 2854 2059 2916 usque
2096 2836 2173 2897 ad
2215 2855 2385 2898 mor-

883 2945 1034 3010 tem,
1085 2942 1148 2998 et
1197 2935 1330 2998 visa
1384 2942 1558 2997 tanta
1612 2933 1966 2997 afflictione
2019 2935 2084 2997 in
2134 2953 2209 2997 eo
2268 2935 2379 3015 qui

2493 1971 2685 2033 quam
2727 1951 2959 2014 mentis
2992 1959 3217 2014 vestra)
3252 1950 3669 2032 dispersione.
3704 1953 3793 2012 Et
3818 1961 4000 2012 orate

2493 2058 2667 2113 tanto
2715 2050 3063 2124 ardentiuS,
3098 2067 3228 2130 quo
3275 2047 3477 2130 maJ'or
3521 2048 3703 2111 vobis
3753 2049 3999 2111 incum-

2495 2148 2591 2211 bit
2628 2149 2847 2212 orandi
2893 2147 3233 2210 necessitas
3277 2164 3291 2209 :
3336 2165 3479 2208 nam
3522 2146 3701 2227 juxta
3736 2163 4001 2209 mensu-

2499 2266 2631 2309 ram
2688 2246 3013 2328 gravitatis
3071 2244 3658 2326 magnitudinisque
3718 2244 3995 2326 periculi

2497 2345 2687 2407 debet
2732 2363 2871 2407 esse
2919 2344 3221 2408 orationis
3270 2343 3483 2406 fervor
3514 2351 3704 2424 atque
3754 2343 3999 2406 instan-

2494 2443 2621 2516 tia;
2664 2464 2745 2504 ne
2792 2444 3048 2504 intretis
3096 2445 3170 2502 in
3221 2443 3660 2510 tentationem,
3698 2441 3823 2504 hoe
3868 2450 3992 2512 est,

2497 2561 2577 2605 ne
2624 2542 2703 2605 ab
2752 2561 2825 2604 ea
2873 2542 3240 2605 vincamini.
3284 2541 3409 2604 Hoc
3455 2541 3755 2604 omnibus
3807 2541 3995 2604 nobis

2496 2643 2750 2715 dicitur,
2784 2649 2847 2703 et
2886 2640 3283 2723 implendum
3315 2639 3753 2713 committitur,
3785 2659 3993 2721 quum

2497 2741 2563 2802 in
2612 2741 2823 2803 medio
2871 2741 3241 2820 laqueorum
3290 2739 3479 2821 positi
3520 2739 3736 2812 simuS,
3771 2745 3834 2800 et
3882 2738 3997 2800 Pe-

2493 2846 2593 2902 tro
2640 2838 2925 2920 apostolo
2975 2844 3380 2919 protestante,
3431 2836 3831 2899 adversarius
3884 2829 4248 2902 no-ieeaems.

2494 2946 2623 3000 ster
2651 2937 2943 3000 diabolus
2974 2943 3275 3016 tanquam
3311 2935 3409 2998 leo
3440 2935 3695 3016 rugiens
3732 2935 3991 3010 circuit,

884 3035 1055 3117 ipsos
1091 3051 1342 3116 semper
1371 3033 1641 3096 dulciter
1671 3032 1982 3097 consolari
2023 3033 2286 3107 solebat,
2321 3041 2383 3096 et
2420 3035 2463 3098 C
2492 3052 2784 3116 quaerens
2832 3051 3026 3115 quem
3078 3033 3355 3095 devoret.
3389 3031 3648 3114 Propter
3684 3033 3859 3114 quod
3904 3035 3995 3094 ait

881 3133 1034 3215 quia
1073 3138 1388 3194 noverunt
1415 3149 1562 3193 eum
1606 3150 1750 3194 mox
1781 3131 2225 3194 occidendum.
2260 3130 2384 3193 Un-

882 3233 960 3294 de
1004 3232 1174 3313 apud
1222 3229 1522 3293 Joannem
1573 3229 1708 3292 ait:
1743 3229 1864 3292 Sed
1908 3229 2061 3311 quia
2110 3229 2245 3291 haec
2294 3229 2383 3293 lo-

883 3337 1066 3394 cutus
1134 3347 1277 3390 sum
1336 3328 1539 3402 vobiS‚
1603 3327 1858 3390 tristitia
1925 3327 2219 3409 implevit
2274 3346 2383 3391 cor

882 3435 1188 3490 vestrum.
1226 3425 1505 3488 Tristitia
1533 3443 1683 3507 ergo
1712 3425 1740 3487 f
1743 3425 1834 3486 uit
1868 3444 1992 3488 una
2022 3444 2211 3487 causa
2240 3426 2383 3488 dor-

883 3525 1166 3590 mitionis
1216 3543 1457 3588 eorum.
1492 3523 1630 3585 Alia
1669 3542 1857 3586 causa
1903 3523 2028 3585 fuit
2065 3531 2283 3607 torpor
2320 3532 2383 3587 et

884 3624 1266 3706 negligentia
1315 3623 1624 3705 ipsorum,
1665 3622 1750 3683 ita
1799 3623 1970 3703 quod
2018 3623 2233 3685 anima
2280 3641 2385 3686 eo-

882 3743 1020 3786 rum
1053 3721 1417 3787 dormitavit
1445 3741 1577 3803 prae
1604 3721 1790 3784 taedio
1821 3729 1883 3783 et
1909 3722 2184 3802 quodam
2219 3719 2383 3783 fasti-

880 3821 986 3884 dio
1013 3819 1296 3883 exercitii
1329 3818 1700 3901 spiritualiS‚
1727 3817 2024 3881 videlicet
2053 3820 2375 3882 orationis.

883 3919 1025 3981 Ideo
1082 3918 1236 3980 dicit
1285 3917 1704 3999 Hieronymus
1753 3917 1924 3998 quod
1986 3916 2383 3979 dormierunt

883 4037 1008 4080 non
1041 4017 1246 4080 solum
1280 4033 1502 4079 somno
1545 4015 1839 4089 naturali,
1874 4016 1984 4076 sed
2025 4017 2215 4077 etiam
2250 4016 2385 4079 cul-

885 4134 1000 4197 pae.
1055 4115 1262 4176 Tertia
1314 4132 1503 4176 causa
1555 4113 1762 4175 somni
1820 4131 2038 4175 eorum
2097 4113 2223 4175 fuit
2278 4133 2386 4175 na-

2490 3131 2775 3196 Salvator
2822 3151 2835 3194 :
2889 3129 3145 3213 Oportet
3192 3149 3445 3212 semper
3496 3149 3695 3212 orare,
3746 3139 3809 3192 et
3860 3151 3991 3194 non
4020 3151 4248 3212 Luca-ma}

2493 3232 2820 3312 deficere3
2881 3239 2943 3293 et
3000 3230 3250 3304 Paulus,
3310 3229 3457 3292 Sine
3516 3230 3993 3294 intermissione
4032 3249 4233 3294 trime.

2489 3330 2757 3412 (inquit)
2796 3337 2989 3393 orate.
4018 3314 4079 3354 ¹⁷·

2580 3429 3074 3502 Advertendum‚
3128 3428 3295 3509 quod
3356 3426 3552 3489 Lucas
3607 3427 3713 3489 hic
3767 3427 3991 3510 aliqua

2493 3526 2940 3610 praetermittit,
2972 3543 3118 3606 quae
3164 3543 3201 3586 a
3244 3523 3529 3588 Matthaeo
3569 3524 3803 3607 scripta
3848 3526 3989 3606 jam

2492 3633 2773 3698 noverat,
2810 3624 3071 3698 scilicet,
3106 3623 3424 3704 quomodo
3454 3622 3737 3685 Christus
3772 3625 3988 3688 tribus
4064 3643 4207 3686 uasti.

2494 3723 2741 3786 vicibus
2773 3723 3014 3785 Patrem
3046 3721 3269 3796 oravit,
3304 3730 3367 3784 et
3402 3729 3499 3784 ter
3525 3722 3603 3783 ad
3634 3722 3988 3804 discipulos
4014 3707 4248 3811 {3qu

2496 3822 2702 3884 rediit.
2755 3821 2961 3902 Atque
3010 3821 3074 3882 in
3136 3821 3341 3902 prima
3395 3819 3677 3883 oratione
3731 3820 3987 3884 locutus
4016 3833 4146 3872 ³⁵⁴²

2493 3930 2589 3982 est
2638 3939 2653 3983 ε
2708 3919 2905 3991 Abba,
2963 3918 3159 3990 Pater,
3212 3919 3425 3981 omnia
3480 3917 3597 3979 tibi
3655 3918 3992 3999 possibilia

2494 4026 2665 4093 sunt,
2698 4016 2972 4080 transfer
3003 4016 3265 4078 calicem
3298 4017 3470 4078 hunc
3499 4035 3535 4077 a
3563 4034 3701 4096 me;
3734 4034 3994 4079 verum·-

2493 4123 2729 4190 tamen,
2766 4134 2891 4178 non
2941 4115 3105 4176 sicut
3150 4131 3267 4194 ego
3314 4113 3479 4186 volo,
3522 4114 3632 4175 sed
3681 4114 3845 4176 sicut
3898 4125 3990 4178 tu.

882 4214 1127 4286 turaliS,
1192 4212 1486 4276 videlicet
1543 4229 1842 4273 ascensus
1902 4213 2244 4275 humorum
2305 4215 2381 4275 ad
2419 4219 2466 4281 D
2495 4213 2570 4275 Et
2601 4214 2775 4277 venit
2804 4214 2881 4274 ad
2924 4212 3269 4294 discipulos
3310 4229 3480 4286 suoS,
3514 4218 3576 4272 et
3612 4211 3854 4274 invenit
3882 4231 3995 4276 eos

883 4311 1240 4384 cerebrum,
1275 4317 1338 4371 et
1383 4309 1535 4390 quia
1584 4307 1901 4390 profunda
1941 4327 2064 4372 nox
2113 4309 2259 4384 fuit,
2294 4310 2385 4372 fa-

883 4409 1190 4491 tigatique
1237 4416 1415 4470 erant
1463 4407 1778 4471 audiendo
1829 4408 2144 4489 prolixum
2199 4409 2379 4470 illum

884 4507 1113 4571 Christi
1175 4523 1555 4578 sermonem,
1609 4513 1670 4567 et
1723 4523 1798 4567 ex
1854 4506 2381 4588 occupationibus

881 4607 1026 4670 aliis
1075 4607 1204 4686 jam
1257 4604 1548 4687 peractis.
1596 4603 1792 4677 Unde,
1841 4606 2189 4666 secundum
2242 4604 2383 4668 Phi-

884 4705 1244 4788 losophum,
1289 4722 1551 4766 somnus
1599 4710 1693 4764 est
1743 4702 2116 4785 impotentia
2163 4721 2383 4767 sensu-

885 4825 1016 4867 um.
1052 4803 1172 4866 Sed
1219 4801 1438 4874 miror,
1478 4801 1529 4862 si
1581 4801 1874 4881 angelum
1927 4801 2226 4884 discipuli
2276 4802 2379 4864 isti

885 4904 1206 4982 viderunt,
1239 4900 1410 4983 quod
1451 4917 1525 4962 eo
1561 4900 1696 4962 viso
1734 4907 1859 4962 tam
1900 4900 2025 4963 cito
2064 4900 2384 4963 obdormi-

883 5008 1092 5074 erunt,
1135 5017 1337 5082 quum
1387 5015 1464 5059 ex
1512 4996 1796 5078 angelica
1841 4999 2240 5080 apparitione
2288 5018 2385 5062 so-

886 5100 1012 5161 leat
1051 5096 1419 5161 hominibus
1460 5095 1658 5158 incuti
1700 5105 1921 5178 stupor
1950 5104 2012 5158 et
2049 5097 2383 5160 admiratio

889 5215 1134 5278 magna,
1167 5195 1552 5277 grandisque
1587 5193 1872 5258 alteratio
1903 5195 2247 5277 corporalis
2278 5213 2385 5256 na-

887 5304 1068 5370 turae,
1092 5313 1237 5377 quae
1266 5312 1563 5358 somnum
1592 5294 1670 5355 ad
1699 5301 1952 5376 tempus
1982 5294 2379 5377 impediunt:

2496 4313 2917 4390 dormientes;
2970 4321 3032 4373 et
3081 4309 3241 4372 dixit
3285 4309 3464 4373 Petro
3510 4329 3523 4373 :
3566 4309 3804 4386 Simon,
3847 4312 3997 4374 dor-

2496 4411 2663 4472 mis?
2701 4410 2833 4473 Non
2880 4408 3141 4491 potuisti
3192 4427 3316 4469 una
3363 4408 3515 4470 hora
3553 4409 3811 4489 vigilare
3862 4429 3997 4472 me-

2496 4512 2683 4572 cum?
2720 4501 3091 4590 Specialiter
3118 4506 3287 4568 enim
3323 4506 3673 4589 increpavit
3710 4507 3991 4588 Petrum,

2494 4608 2645 4690 quia
2695 4606 2921 4670 ceteris
2960 4605 3261 4668 audacius
3303 4603 3427 4665 fuit
3476 4604 3743 4668 locutus.
3775 4605 3995 4688 Speci-

2492 4707 2677 4768 aliter
2706 4724 2850 4767 eum
2884 4721 3141 4785 quoque
3169 4703 3520 4775 admonuit,
3552 4704 3703 4784 quia
3729 4703 3989 4767 futurus

2492 4813 2626 4867 erat
2678 4822 2968 4866 summus
3028 4809 3238 4884 pastor
3285 4799 3603 4874 Ecclesiae,
3659 4802 3989 4866 insinuans

2491 4904 2662 4985 quod
2704 4909 2943 4982 quanto
2980 4899 3127 4980 quis
3178 4897 3242 4959 in
3292 4897 3498 4961 altiori
3550 4897 3745 4960 fuerit
3786 4900 3989 4978 gradu

2494 5000 2991 5082 praelationeque
3033 4996 3298 5079 positUS,
3342 5003 3515 5059 tanto
3554 5004 3799 5079 oportet
3834 5014 3985 5059 eum

2494 5097 2956 5178 diligentiorem
2996 5094 3455 5176 agilioremque
3492 5113 3629 5157 esse
3668 5095 3734 5156 in
3774 5094 3984 5158 bonis.

2492 5196 2729 5258 Deinde
2771 5195 3019 5257 locutus
3068 5199 3163 5254 est
3212 5199 3335 5254 tam
3381 5190 3560 5255 Petro
3599 5211 3785 5274 quam
3837 5193 3986 5256 aliis

2492 5294 2741 5359 duobus
2777 5311 2791 5357 ε
2825 5292 3092 5374 Vigilate
3130 5299 3193 5353 et
3228 5298 3422 5366 orate,
3458 5297 3527 5352 ut
3562 5309 3689 5354 non
3730 5290 3983 5355 intretis
