4300 6259
546 1101 709 1146 Joann.
720 1103 809 1153 ιβ.

556 2570 643 2616 lob
662 2585 717 2623 xi,
744 2573 809 2614 ss.

543 2866 736 2918 lbidxn,
744 2869 760 2910 1
768 2869 810 2912 ⁶.

632 3055 705 3111 26

836 501 917 567 86
1608 521 1959 568 manuario
2002 521 2066 568 m
2107 521 2247 569 car.
2293 521 2404 568 xm
2445 521 2635 568 mcx.
2682 541 2762 552 —
2802 523 2945 569 aar.
2990 523 3182 570 xxxv1

840 693 1008 754 modi
1051 700 1344 775 ·tempus;
1385 702 1445 752 et
1476 693 1806 770 incipietis
1843 695 2009 773 foris
2045 703 2241 763 stare,
2273 693 2334 756 id
2366 692 2416 753 Α
2447 693 2758 755 ritualiter
2797 694 2978 756 docet
3023 713 3096 757 ac
3141 694 3466 776 loquitur3
3515 694 3624 756 sed
3677 692 3795 775 ipsi
3837 692 3944 754 ad·

838 799 936 853 est
981 791 1062 852 ab
1111 790 1329 854 electis
1379 791 1516 855 loco
1564 810 1637 853 ac
1685 791 1947 873 praemio
1995 791 2333 872 segregari,

839 907 988 952 cum
1026 890 1263 971 quibus
1293 891 1359 952 in
1399 890 1519 952 hac
1548 891 1678 952 vita
1705 889 2116 972 corporaliter
2154 890 2338 952 mixti

841 984 1075 1062 fuistis,
1127 998 1187 1049 et
1226 992 1496 1066 pulsare
1535 989 1797 1059 ostium,
1838 987 1902 1050 id
1952 994 2048 1050 θεῖ
2095 988 2338 1069 ingres-

842 1105 984 1147 sum
1027 1086 1391 1167 deposcere,
1426 1103 1538 1148 seu
1580 1085 1899 1148 Christum
1943 1087 2056 1168 qui
2099 1086 2333 1150 ostium

842 1191 936 1246 est
967 1183 1234 1266 precari,
1258 1186 1538 1244 dicentes
1568 1205 1591 1244 .·
1622 1185 1919 1252 Domine,
1942 1187 2125 1262 aperi
2155 1188 2336 1246 nobis

838 1281 1099 1362 januam
1129 1282 1367 1363 gloriae,
1404 1299 1649 1363 nosque
1683 1281 1932 1344 exaudi.
1967 1287 2050 1345 Ec
2082 1303 2338 1360 respon-

840 1383 997 1440 dens
1036 1377 1322 1442 Christus
1364 1378 1690 1453 Dominus,
1723 1381 1893 1440 dicet
1926 1382 2101 1440 vobis
2139 1379 2336 1442 verbo

839 1477 967 1540 oris
1007 1495 1118 1540 seu
1159 1476 1324 1540 facto
1359 1495 1373 1539 :
1408 1479 1636 1542 Nescio
1678 1497 1781 1538 vos
1821 1495 1935 1559 per
1974 1478 2338 1560 approbati-

839 1593 1027 1639 onem
1065 1579 1242 1637 unde
1275 1578 1444 1646 sicis,
1474 1575 1596 1638 hoc
1636 1582 1752 1650 est,
1787 1577 1865 1638 de
1904 1594 2173 1638 numero
2212 1576 2338 1638 ele-

840 1681 1109 1748 ctorum,
1153 1675 1230 1736 de
1274 1680 1440 1736 sorte
1485 1673 1827 1755 justorum,
1872 1692 1982 1737 vos
2026 1692 2165 1736 esse
2209 1693 2334 1738 non

839 1773 1059 1836 fateor.
1102 1771 1210 1834 Est
1256 1779 1469 1834 autem
1519 1771 1755 1853 duplex
1804 1772 2047 1846 notitia,
2092 1773 2338 1835 scilicet

2447 798 2690 854 vertere
2733 810 2804 854 ac
2849 811 3070 873 parere
3115 798 3429 854 recusant.

2528 891 2614 950 Et
2649 891 2817 950 dicet
2855 892 3030 950 vobis
3062 911 3085 950 .·
3117 893 3344 954 Nescio
3389 910 3492 950 vos
3529 892 3702 950 unde
3743 889 3888 949 sitis
3919 909 3944 947 .·

2447 986 2614 1049 sicut
2651 988 3010 1069 expositum
3051 995 3168 1049 est.
3202 987 3376 1050 Unde
3405 988 3482 1049 ad
3510 986 3755 1049 Judaeos
3787 985 3946 1049 olim

2446 1084 2678 1148 electos
2737 1085 2900 1148 Deus
2947 1085 3036 1147 ait
3089 1103 3203 1167 per
3250 1085 3440 1148 Amos
3500 1086 3874 1167 prophetam
3927 1103 3942 1146 ε

2447 1181 2908 1246 Tantummodo
2939 1203 3051 1246 vos
3091 1183 3355 1264 cognovi
3388 1201 3466 1246 ex
3496 1182 3794 1245 omnibus
3835 1201 3949 1265 po-
3977 1201 4204 1248 ammae„

2446 1281 2639 1362 pulis.
2667 1283 2986 1343 Dis-cedite
3015 1303 3054 1343 a
3085 1303 3206 1354 me,
3239 1301 3453 1343 omnes
3489 1283 3778 1360 operarii
3813 1283 3949 1341 ini-

2444 1381 2738 1458 quitatis,
2763 1380 2826 1441 id
2858 1389 2974 1454 est,
2999 1380 3113 1461 qui
3146 1380 3211 1443 in
3254 1379 3530 1462 peccatis
3571 1379 3946 1442 mortalibus

2446 1477 2828 1559 deprehensi
2889 1478 3064 1552 estiS‚
3127 1495 3246 1540 nec
3301 1477 3584 1539 finaliter
3640 1477 3946 1559 poenitui-

2446 1576 2582 1638 stis.
2616 1576 2744 1640 Hoc
2784 1583 2878 1638 est
2910 1577 3083 1658 quod
3117 1576 3184 1638 in
3221 1575 3506 1639 Matthaeo
3540 1575 3824 1657 loquitur
3853 1575 3946 1637 eis

2446 1673 2732 1737 Christus
2777 1693 2790 1737 ε
2835 1674 2944 1748 Ιῖθ,
2993 1674 3337 1748 maledicti,
3391 1675 3455 1736 in
3508 1674 3718 1755 ignem
3769 1681 4206 1736 teter-‚umam

2446 1790 2622 1834 num.
2659 1773 2800 1835 Ideo
2840 1773 2995 1834 dicit
3032 1772 3364 1835 Psalmista
3397 1790 3410 1835 :
3443 1771 3662 1853 Neque
3701 1772 3948 1835 habita-
3975 1754 4178 1864 ⁴¹13·ss

839 1870 1338 1953 approbationiS,
1400 1876 1463 1930 et
1523 1870 1836 1952 simplicis
1900 1871 2336 1952 intelligentiae
2371 1872 2418 1934 B
2445 1871 2540 1934 bit
2567 1871 2748 1951 juxta
2775 1878 2838 1933 te
2869 1870 3209 1951 malignuS,
3239 1888 3448 1952 neque
3480 1870 3949 1953 permanebunt

842 1986 954 2030 seu
1006 1968 1293 2032 visionis.
1346 1967 1431 2030 De
1481 1967 1688 2050 prima
1737 1986 1887 2049 ergo
1934 1969 2160 2032 notitia
2202 1969 2334 2052 jam

842 2084 1049 2130 sermo
1084 2085 1097 2129 :
1133 2067 1485 2128 secundum
1528 2085 1722 2148 quam
1769 2066 1933 2129 Deus
1984 2086 2109 2131 non
2159 2067 2336 2130 novit

842 2164 965 2227 nisi
1003 2164 1229 2244 justOS,
1263 2171 1326 2226 et
1354 2181 1429 2226 ea
1458 2183 1601 2246 quae
1631 2171 1783 2227 sunt
1815 2165 2068 2228 virtutis
2100 2172 2162 2228 et
2197 2184 2337 2247 gra-

840 2263 966 2326 tiae.
1000 2261 1103 2325 Sic
1140 2280 1398 2344 quoque
1428 2263 1507 2324 de
1536 2262 1796 2325 homine
1826 2263 2033 2326 veraci
2075 2263 2331 2344 dicitur,

840 2362 1012 2444 quod
1056 2360 1259 2423 nescit
1300 2360 1579 2422 mentiri.
1613 2359 1959 2442 Loquendo
1999 2369 2214 2424 autem
2258 2364 2334 2425 de

841 2459 1065 2523 notitia
1106 2458 1418 2541 simplicis
1459 2459 1746 2535 visioniS,
1790 2459 1953 2522 Deus
2002 2460 2121 2523 scit
2169 2461 2336 2524 bona

840 2565 903 2620 et
956 2557 1142 2632 mala,
1194 2557 1546 2620 secundum
1605 2556 1764 2619 illud
1814 2557 1927 2621 Job
1975 2576 1988 2621 :
2035 2558 2176 2640 Ipse
2225 2577 2335 2622 no-

841 2656 933 2720 vit
989 2656 1323 2719 hominum
1383 2655 1746 2731 vanitatem,
1807 2663 1871 2718 et
1927 2656 2152 2720 videns
2215 2657 2335 2719 ini-

838 2755 1168 2838 quitatem,
1206 2773 1417 2818 nonne
1460 2755 1867 2819 considerat?
1910 2755 2281 2838 Rursusque
2315 2775 2328 2819 :

836 2853 977 2936 Ipse
1028 2853 1205 2916 novit
1254 2853 1699 2934 decipientem,
1746 2860 1810 2915 et
1859 2872 2006 2916 eum
2060 2855 2175 2936 qui
2230 2855 2338 2916 de-

838 2951 1096 3035 cipitur.

926 3055 1105 3114 Tunc
1149 3052 1478 3127 incipietis
1513 3052 1749 3119 dicere,
1792 3051 1914 3114 hoc
1960 3058 2077 3126 est,
2121 3051 2336 3114 dicere
2374 3052 2417 3115 C
2447 3051 2607 3113 illud
2654 3051 2768 3114 Job
2823 3069 2836 3113 :
2885 3050 2979 3113 Ab
3029 3051 3212 3132 aquis
3264 3050 3509 3112 nivium
3561 3051 3824 3113 transiet
3868 3053 3948 3113 ad
3979 3137 3998 3177 ί
4004 3072 4095 3176 310⁶
4115 3085 4202 3118 xm.

838 3149 1161 3232 optabitis,
1198 3149 1297 3212 vel
1341 3150 1529 3212 corde
1571 3149 1837 3229 dicetis3
1881 3148 1981 3212 vel
2026 3149 2079 3211 si
2123 3168 2338 3231 posse-

838 3249 941 3322 tis,
977 3247 1271 3310 diceretis
1302 3265 1315 3309 ε
1342 3249 1890 3309 Manducavimus
1918 3267 2133 3308 coram
2169 3257 2242 3316 te,
2275 3258 2335 3308 et

836 3348 1136 3418 bibimuS,
1162 3354 1223 3406 et
1251 3347 1322 3405 in
1348 3347 1585 3421 plateis
1616 3346 1851 3406 nostris
1879 3348 2181 3406 docuisti.
2205 3344 2334 3409 Hoc

835 3444 1044 3527 primo
1084 3443 1425 3525 exponitur
1467 3443 1545 3504 de
1585 3442 1815 3506 Judaeis
1865 3443 2039 3505 illius
2091 3452 2336 3526 tempo-

835 3543 945 3616 riS,
990 3542 1158 3604 inter
1200 3559 1359 3623 quos
1405 3539 1689 3604 Christus
1734 3541 2145 3623 corporaliter
2185 3561 2336 3606 con-

836 3641 1205 3706 versabatur
1240 3659 1253 3702 :
1287 3639 1401 3722 qui
1444 3657 1652 3703 coram
1699 3639 1861 3721 ipso,
1903 3647 1967 3701 et
2003 3659 2150 3702 cum
2193 3641 2333 3723 ipso

834 3756 1001 3821 saepe
1040 3737 1257 3801 cibum
1299 3745 1363 3799 et
1402 3745 1625 3819 potum
1664 3744 2119 3819 sumpserunt;
2163 3747 2227 3800 et
2266 3738 2333 3801 in

835 3856 1056 3902 eorum
1096 3836 1462 3919 praedicavit
1501 3835 1642 3911 viis,
1678 3836 2008 3919 synagogis
2048 3844 2110 3899 θῖ
2147 3836 2328 3900 Ιοθίε.

835 3934 1042 3998 Ροῖθεῖ
1078 3952 1336 4016 quoque
1375 3934 1609 4016 exponi
1650 3934 2073 3996 communiter
2110 3935 2191 3996 de
2228 3934 2335 3997 Ju-

836 4034 1010 4107 daeis‚
1061 4033 1174 4114 qui
1237 4033 1589 4094 secundum
1647 4031 1873 4113 legem,
1928 4033 2115 4095 certis
2175 4041 2335 4094 tem-

837 4131 1123 4215 ραι-ἔδαε,
1184 4131 1251 4193 in
1310 4129 1551 4212 templo
1607 4131 1685 4192 de
1744 4130 2021 4194 victimis
2081 4132 2214 4194 suis
2272 4139 2335 4194 et

2445 1969 2668 2050 injusti
2728 1977 2874 2031 ante
2932 1970 3150 2033 oculos
3208 1977 3397 2051 tuos3
3449 1979 3512 2032 et
3568 1969 3707 2032 vice
3766 1987 3949 2032 versa

2444 2069 2522 2130 de
2551 2067 2770 2130 electis
2803 2068 3114 2142 decantat,
3139 2067 3590 2130 Verumtamen
3618 2067 3774 2149 justi
3807 2087 3950 2131 con·
3991 2091 4204 2134 raam,

2442 2165 2803 2228 fitebuntur
2852 2166 3097 2230 nomini
3148 2174 3280 2240 tuo,
3325 2174 3388 2228 et
3435 2165 3813 2229 habitabunt
3851 2185 3950 2229 re—
3979 2155 4044 2196 ¹⁴·

2445 2265 2530 2328 cti
2574 2284 2720 2328 cum
2768 2265 2947 2329 vultu
2992 2273 3124 2328 tuo.

2525 2364 2654 2433 Ibi,
2697 2362 2997 2426 videlicet
3047 2364 3112 2425 in
3164 2362 3438 2438 inferno,
3483 2365 3610 2424 erit
3654 2366 3846 2440 fletus
3889 2375 3950 2425 et

2443 2463 2689 2523 stridor
2716 2465 3038 2522 dentium.
3077 2461 3286 2523 Fletus
3327 2461 3417 2524 ibi
3462 2461 3583 2522 erit
3623 2479 3699 2524 ex
3743 2461 3954 2524 diver-

2447 2559 2534 2620 sis
2580 2559 2925 2640 generibus
2977 2558 3388 2621 infernalium
3434 2566 3945 2622 tormentorum:

2446 2657 2706 2732 etenim,
2731 2657 2921 2737 IgniS‚
2947 2656 3179 2731 sulfur,
3206 2657 3470 2739 spiritus
3502 2657 3948 2739 procellarum,
4015 2671 4185 2720 Pus-

2448 2775 2594 2838 pars
2633 2755 2849 2818 calicis
2889 2774 3133 2828 eorum,
3168 2756 3230 2818 id
3271 2762 3388 2832 est,
3424 2775 3568 2838 pars
3609 2763 3760 2818 sunt
3795 2777 3952 2839 sup-

2448 2853 2626 2936 plicii
2659 2854 3116 2916 damnatorum.
3143 2852 3385 2916 Stridor
3414 2871 3564 2918 vero
3595 2854 3684 2917 ibi
3715 2854 3954 2937 specia-

2446 2951 2593 3014 liter
2623 2952 2744 3014 erit
2782 2970 2859 3015 ex
2891 2951 3453 3016 vehementissimo
3481 2951 3736 3032 frigore,
3768 2953 3950 3032 juxta

2446 3149 2720 3212 calorem
2785 3148 3080 3210 nimium.
3142 3147 3231 3210 Ex
3293 3147 3723 3228 indignatione
3783 3167 3947 3230 quo-

2445 3266 2592 3329 que,
2630 3246 3049 3329 impatientia,
3084 3255 3146 3308 et
3184 3244 3400 3309 furore
3443 3247 3673 3328 poterit
3712 3247 3948 3311 stridor

4075 898 4136 952 27

4079 2367 4142 2421 28

2444 3347 2536 3408 eis
2587 3345 2816 3419 inesse,
2858 3345 3038 3427 juxta
3083 3345 3243 3407 illud
3284 3344 3628 3408 Psalmistae
3671 3364 3684 3408 ε
3725 3345 3948 3408 Pecca-
3977 3359 4202 3403 pamm.
4243 3327 4245 3410 ᾗ

2443 3451 2542 3507 tor
2573 3443 2814 3506 videbit
2845 3451 2906 3506 et
2946 3443 3274 3517 irascetur,
3309 3443 3606 3506 dentibus
3645 3442 3780 3505 suis
3819 3442 3948 3506 fre-

2444 3551 2573 3604 met
2610 3549 2672 3604 et
2707 3542 3008 3605 tabescet.
3043 3540 3587 3615 Quemadmodum
3626 3542 3822 3616 enim,
3859 3561 3948 3604 se-

2443 3642 2724 3703 cundum
2777 3640 3068 3703 divinum
3127 3640 3522 3723 Dionysium,
3575 3641 3640 3702 in
3699 3639 3946 3704 Divinis

2442 3737 2834 3813 nominibus,
2889 3745 3037 3800 sunt
3095 3737 3160 3798 in
3220 3737 3617 3800 daemonibus
3676 3738 3946 3820 phanta-

2442 3845 2642 3900 smata
2699 3845 3016 3919 proterva,
3067 3853 3286 3898 amens
3336 3835 3540 3912 furor,
3591 3846 3655 3899 et
3704 3836 3948 3900 irratio-

2443 3934 2675 3997 nabilis
2720 3932 3282 4015 concupiscentia3
3336 3932 3428 3995 sic
3470 3941 3534 3995 et
3576 3934 3654 3996 de
3697 3935 3944 3997 cunctis

2443 4033 2563 4095 dici
2612 4040 2819 4114 potest
2861 4032 3195 4095 damnatis,
3231 4030 3407 4094 Unde
3447 4031 3643 4094 Deum
3689 4032 3946 4096 benedi-

2442 4139 2616 4194 ctum
2674 4132 3063 4194 incessanter
3121 4129 3566 4212 blasphemare
3615 4129 3938 4193 dicuntur.

836 4227 1265 4293 oblationibus
1296 4229 1711 4291 comederunt
1744 4247 1757 4292 :
1792 4229 1859 4290 in
1890 4248 2170 4310 quorum
2203 4229 2336 4312 pla-
2363 4236 2412 4297 D
2440 4265 2521 4275 —
2549 4229 2852 4292 Praeterea
2893 4228 3223 4311 quaeritur,
3257 4246 3338 4289 an
3382 4225 3576 4290 fletus
3621 4228 3729 4291 ille
3772 4229 3946 4291 dam-

834 4329 955 4392 teis
986 4336 1049 4392 et
1078 4327 1407 4411 synagogis
1443 4327 1729 4391 Christus
1770 4346 1883 4410 per
1915 4329 2200 4392 doctores
2231 4347 2335 4392 ve-

834 4424 987 4488 teris
1046 4422 1427 4487 Testamenti
1486 4423 1719 4486 dicitur
1775 4424 2086 4487 docuisse.
2139 4423 2334 4507 Spiri-

832 4523 1090 4587 tualiter
1118 4541 1291 4598 vero,
1327 4524 1406 4586 de
1434 4521 1806 4586 Christianis
1846 4522 2189 4603 exponitur
2219 4523 2332 4605 qui

835 4642 1065 4705 corpus
1102 4629 1168 4685 et
1206 4621 1580 4703 sanguinem
1619 4619 1848 4684 Christi
1890 4620 2150 4702 indigne
2191 4641 2334 4704 par-

830 4721 1145 4803 ticipant:
1185 4727 1445 4802 propter
1494 4720 1666 4800 quod
1716 4719 2188 4783 damnationem
2238 4721 2334 4784 in-

830 4826 1092 4882 currunt
1121 4817 1443 4898 maiorem.
1466 4817 1531 4878 In
1562 4835 1833 4898 quorum
1862 4817 2051 4880 etiam
2082 4819 2326 4901 plateis,

830 4916 976 4996 viis,
1005 4915 1316 4991 ecclesiis,
1354 4913 1639 4978 Christus
1675 4934 1789 4999 per
1819 4935 1965 4980 suos
2006 4917 2331 4980 ministros

829 5015 1115 5097 quotidie
1158 5015 1340 5078 docet
1382 5033 1395 5077 :
1441 5013 1571 5078 imo
1614 5022 1675 5077 et
1718 5015 1782 5077 in
1829 5015 2054 5097 plateis
2096 5016 2333 5078 anima-

831 5133 977 5177 rum
1034 5131 1278 5186 eorum,
1341 5112 1461 5176 hoc
1519 5120 1613 5175 θεῖ
1670 5113 1737 5174 in
1801 5112 1925 5174 lata
1982 5115 2328 5196 capacitate

833 5212 1193 5276 intellectus
1233 5213 1541 5294 ipsorum,
1577 5230 1691 5293 per
1719 5211 2202 5293 inspirationem
2233 5213 2330 5276 in-

836 5319 1102 5386 ternam,
1133 5317 1325 5391 atque
1352 5309 1699 5390 angelicam
1731 5310 2166 5388 directionem,
2201 5313 2330 5395 spi-

2444 4337 2736 4392 natorum
2788 4336 2930 4411 post
2979 4327 3508 4389 resurrectionem
3557 4327 3677 4389 erit
3725 4345 3946 4411 corpo-

2444 4428 2616 4490 raliS.
2652 4427 2745 4490 Ad
2789 4427 2960 4509 quod
3002 4425 3388 4508 respondent
3429 4426 3737 4498 doctoreS,
3771 4427 3942 4509 quod

2444 4526 2680 4608 duplex
2723 4533 2818 4587 est
2855 4523 3072 4598 fletus,
3119 4531 3336 4604 utpote
3372 4541 3385 4585 :
3421 4523 3794 4605 spiritualiS,
3829 4523 3941 4606 qui

2442 4632 2538 4686 est
2578 4624 2869 4686 intensus
2911 4622 3089 4686 dolor
3132 4620 3417 4697 interior,
3461 4639 3652 4702 quem
3697 4630 3940 4685 certum

2441 4731 2538 4785 est
2583 4740 2724 4785 esse
2772 4723 2838 4784 in
2889 4720 3161 4784 tartariS.
3198 4719 3377 4781 Alius
3425 4727 3522 4781 est
3566 4717 3758 4782 fletus
3809 4739 3944 4784 cor-

2442 4821 2699 4903 poraliS,
2763 4820 2828 4882 in
2887 4839 3017 4902 quo
3072 4820 3197 4882 duo
3257 4817 3761 4881 considerantur.
3813 4817 3942 4880 Pri-

2440 4939 2618 4982 mum
2668 4927 2765 4980 est
2813 4918 3116 4981 resolutio
3163 4916 3574 4980 lacrimarum
3617 4935 3632 4980 ε
3677 4933 3824 4998 quae
3872 4916 3938 4978 in

2441 5017 2752 5082 damnatis
2793 5035 2918 5080 non
2965 5015 3106 5091 erit,
3141 5017 3442 5098 quoniam
3485 5023 3771 5078 cessante
3807 5033 3941 5079 mo-

2439 5125 2506 5178 tu
2539 5116 2706 5190 coeli,
2728 5114 3052 5195 generatio
3083 5114 3536 5196 corruptioque
3567 5112 3933 5190 cessabunt;

2438 5222 2500 5276 et
2539 5215 2713 5291 item,
2747 5233 2950 5296 quum
2995 5211 3313 5275 damnatio
3352 5211 3462 5274 illa
3503 5211 3586 5273 sit
3625 5210 3936 5274 aeternali-

2438 5322 2532 5375 ter
2561 5313 2884 5387 duratura,
2909 5319 3075 5374 esset
3107 5317 3169 5372 et
3197 5309 3602 5373 lacrimarum
3637 5309 3934 5374 resolutio
