4300 6259
565 2189 669 2234 Act.
685 2203 716 2240 ι,
735 2191 804 2233 2⁶.

640 2367 709 2426 31

555 4743 820 4850 {pannum

844 500 966 566 216
1603 518 1952 566 amanum
1994 518 2060 565 m
2100 517 2240 566 car.
2286 517 2418 564 xxn
2458 516 2647 565 tucn.
2687 537 2769 548 —
2808 517 2951 563 ΑΜ.
2996 518 3183 564 xnvm

925 693 1010 752 Et
1037 693 1306 752 sedeatis
1333 711 1528 770 super
1559 694 1815 753 thronos
1844 690 2201 754 duodecim.
2221 688 2337 751 Per
2365 688 2417 750 A
2444 689 2603 771 quin
2663 709 2778 772 pro
2833 689 2975 752 aliis
3030 707 3290 772 quoque
3346 685 3562 750 electis
3618 684 3933 767 Apostolis

842 789 1102 852 thronos
1166 807 1279 851 seu
1343 790 1502 854 solia
1561 808 1755 872 super
1814 808 1958 871 quae
2025 788 2338 851 sedebunt

841 887 1147 970 Apostoli,
1183 895 1451 970 possunt
1479 888 1746 968 intelligi
1779 887 2223 950 multitudines
2257 885 2336 948 ab

842 987 935 1049 eis
984 1005 1325 1062 conversa),
1380 988 1480 1051 vel
1534 987 1870 1069 judiciaria
1917 992 2193 1068 potestas
2245 985 2337 1046 eis

843 1103 1160 1158 concessa,
1215 1085 1278 1146 in
1339 1104 1467 1167 qua
1521 1084 1794 1147 feliciter
1849 1085 2333 1166 conquiescunt.

840 1187 1238 1256 IudicanteS,
1280 1190 1580 1264 tanquam
1619 1184 1857 1246 Judicis
1898 1183 2207 1266 praecipui
2240 1202 2341 1244 as-

844 1300 1142 1362 sessoreS,
1185 1300 1313 1345 non
1355 1283 1536 1364 quasi
1587 1283 1916 1345 sententiae
1964 1282 2333 1365 prolatoreS,

841 1382 1180 1441 duodecim
1215 1383 1420 1442 tribus
1449 1385 1678 1450 Israel,
1701 1381 2058 1442 damnando
2087 1397 2195 1443 eos
2224 1379 2335 1460 qui

843 1479 911 1541 in
952 1478 1330 1542 infidelitate
1359 1487 1750 1542 manserunt.
1783 1479 1910 1541 Nec
1939 1478 2146 1542 solum
2176 1478 2341 1560 Apo-

843 1577 1043 1652 stoliS,
1097 1579 1205 1640 sed
1254 1586 1318 1641 et
1372 1578 1618 1640 cunctis
1677 1577 1999 1660 perfectis,
2051 1578 2164 1659 qui
2225 1597 2339 1659 pro

844 1676 1091 1739 Christo
1120 1677 1335 1739 omnia
1375 1677 1794 1758 reliquerunt,
1828 1684 1890 1738 et
1927 1676 2337 1758 apostolicam

845 1774 1041 1838 vitam
1091 1783 1470 1856 sequuntur,
1523 1776 1689 1837 istud
1753 1775 2165 1857 promittitur.
2217 1772 2336 1836 Sed

2444 787 2729 851 Christus
2772 788 2939 851 idem
2982 788 3334 869 rogaverit3
3375 787 3484 849 sed
3526 784 3763 848 idcirco
3800 783 3935 845 haec

2446 886 2807 968 specialiter
2838 886 3123 968 loquitur
3153 885 3354 959 Petro,
3385 884 3539 967 quia
3576 883 3743 945 inter
3770 882 3934 963 Apo-

2447 984 2638 1046 stolos
2698 985 3130 1066 principalior,
3180 982 3527 1046 ferventior
3579 988 3771 1063 atque
3824 999 3936 1041 au-

2446 1083 2658 1145 dacior
2689 1091 2842 1158 erat,
2878 1091 2940 1144 et
2969 1083 3270 1164 quoniam
3302 1082 3367 1143 in
3398 1081 3703 1161 majorem
3732 1079 3940 1140 fuerat

2446 1182 2858 1244 tentationem
2908 1181 3224 1264 lapsuruS,
3265 1199 3338 1243 ac
3386 1179 3584 1260 magis
3624 1196 3885 1240 casurus
3919 1197 3933 1238 :

2448 1288 2709 1363 propter
2754 1281 2927 1362 quod
2975 1298 3121 1342 eum
3170 1280 3371 1360 magis
3423 1278 3841 1361 praeadvisare
3880 1284 3943 1337 et

2449 1380 2833 1461 praemunire
2890 1379 3182 1460 dignatus
3238 1386 3354 1440 est.
3411 1377 3587 1452 Item,
3638 1375 3939 1458 quoniam

2447 1476 2627 1540 Petro
2670 1477 3029 1559 specialiter
3067 1476 3189 1538 fuit
3227 1476 3506 1539 Ecclesia
3544 1474 3942 1538 committen-

2448 1577 2547 1638 da.
2599 1575 2775 1638 Unde
2832 1578 3001 1657 quod
3062 1576 3316 1650 dicitur,
3367 1573 3445 1636 Ut
3500 1593 3625 1637 non
3685 1572 3941 1635 deficiat

2447 1674 2610 1737 fides
2668 1683 2795 1749 tua,
2850 1674 3209 1756 exponitur,
3261 1673 3337 1736 Ut
3387 1691 3511 1736 non
3562 1670 3817 1734 deficiat
3865 1669 3943 1732 fi-

2448 1775 2557 1836 des
2593 1773 2891 1836 Ecclesiae
2927 1773 3043 1835 tibi
3078 1773 3565 1837 committendae.
3592 1770 3825 1852 Sicque
3862 1789 3939 1832 ex

844 1875 1164 1954 quomodo
1191 1874 1280 1936 ait
1308 1873 1602 1944 Salvator,
1628 1873 1937 1936 Sedebitis
1969 1891 2163 1956 super
2194 1874 2340 1935 duo-
2376 1869 2421 1931 B
2452 1872 2663 1935 verbis
2703 1873 2803 1934 his
2842 1873 3117 1935 sumitur
3158 1878 3624 1952 argumentum,
3658 1870 3829 1951 quod
3865 1869 3945 1930 fi-

845 1971 1053 2033 decim
1107 1972 1389 2046 thronOS‚
1441 1991 1641 2055 quum
1692 1971 1822 2053 jam
1868 1972 2056 2034 Judas
2105 1971 2341 2033 abisset

845 2079 910 2132 et
958 2070 1266 2153 reprobus
1324 2073 1539 2134 esset?
1587 2072 1680 2133 Ad
1727 2072 1898 2152 quod
1957 2071 2189 2153 poterit
2246 2089 2342 2132 re-

847 2169 1170 2250 sponderi,
1211 2170 1383 2250 quod
1427 2169 1589 2243 ideo,
1631 2169 1783 2251 quia
1826 2169 1962 2233 loco
2001 2169 2142 2250 ejus
2182 2168 2341 2231 alter

849 2267 1176 2340 successit,
1222 2275 1374 2349 puta
1412 2266 1698 2329 Matthias
1739 2267 2084 2349 apostolus.

935 2367 1054 2426 Ait
1094 2375 1312 2427 autem
1352 2367 1671 2427 Dominus
1711 2366 1911 2440 JesuS,
1959 2367 2071 2447 qui
2117 2383 2342 2428 secun-

847 2464 999 2526 dum
1049 2483 1226 2526 suam
1289 2463 1683 2526 divinitatem
1733 2472 1828 2526 est
1882 2464 2172 2527 omnium
2227 2464 2342 2528 Do-

847 2561 1061 2623 minus
1101 2581 1411 2635 summuS,
1447 2560 1823 2625 universalis
1863 2569 1926 2623 et
1963 2562 2341 2624 auctoritati-

848 2678 988 2734 vuS,
1029 2660 1290 2722 Simoni
1331 2658 1510 2723 Petro
1545 2679 1558 2722 :
1593 2661 1851 2728 Simon,
1884 2680 2018 2720 ecce
2054 2664 2339 2723 Satanas

841 2759 1153 2834 eat-petivit
1210 2778 1336 2830 υοε,
1387 2759 1452 2820 id
1509 2765 1626 2832 est,
1683 2759 1964 2823 studiose
2018 2759 2335 2840 quaesivit,

846 2855 1296 2938 licentiamque
1342 2876 1379 2918 a
1426 2856 1552 2920 Deo
1600 2857 1827 2939 petivit
1872 2877 1884 2920 :
1939 2858 2092 2940 quia
2138 2858 2342 2920 homi-

845 2973 957 3017 nes
1012 2960 1256 3016 tentare
1313 2975 1440 3018 non
1490 2956 1676 3028 valet,
1720 2955 1844 3018 nisi
1902 2956 1970 3018 in
2029 2964 2339 3037 quantum

2449 1971 2559 2032 des
2597 1970 2893 2034 Romanae
2932 1971 3247 2044 Ecclesiae,
3282 1989 3473 2052 quam
3516 1970 3582 2031 in
3616 1987 3691 2030 ea
3725 1968 3943 2030 Petrus

2450 2069 2781 2151 plantavit,
2826 2070 2909 2131 sit
2957 2087 3163 2151 usque
3212 2070 3275 2132 in
3321 2069 3517 2131 finem
3570 2067 3786 2130 saeculi
3834 2068 3945 2129 du-

2451 2177 2681 2231 ratura.
2741 2203 2823 2214 -—
2879 2167 3165 2250 Denique
3221 2167 3505 2231 Christus
3559 2167 3695 2230 haec
3752 2165 3945 2230 verba

2452 2266 2908 2349 pronuntiavit,
2961 2273 3032 2328 ut
3076 2266 3406 2348 Apostolos
3454 2266 3531 2327 ad
3589 2264 3946 2327 considera-

2451 2366 2689 2428 tionem
2727 2365 3002 2447 propriae
3036 2363 3393 2444 fragilitatis
3436 2383 3509 2426 ac
3548 2361 3943 2424 imminentis

2452 2464 2721 2547 periculi
2774 2470 3164 2546 provocaret,
3209 2482 3289 2525 ne
3333 2480 3409 2524 ex
3460 2463 3644 2524 laude
3692 2469 3755 2523 et
3804 2480 3947 2543 pro-

2452 2559 2756 2622 missione
2800 2561 3038 2640 ingenti
3082 2560 3431 2642 praehabita
3465 2559 3940 2622 extollerentur.

2533 2661 2619 2720 Ec
2664 2669 2735 2720 tu
2774 2662 3132 2739 aliquando
3171 2679 3531 2728 convers-ua,
3564 2659 3627 2720 id
3668 2664 3764 2720 est
3805 2675 3947 2739 per-

2452 2755 2618 2819 fecte
2666 2776 3008 2822 conversus
3055 2776 3067 2820 :
3110 2759 3283 2839 quod
3332 2757 3605 2819 maxime
3653 2755 3796 2830 fuit,
3846 2775 3948 2818 ac-

2454 2862 2637 2936 cepto
2687 2855 2753 2917 in
2794 2855 2895 2918 die
2942 2854 3338 2918 pentecostes
3387 2854 3627 2937 Spiritu
3676 2853 3943 2934 Sancto:

2454 2957 2771 3031 confirma
2807 2956 3050 3031 fratres
3083 2964 3247 3024 tuo-3,
3278 2953 3341 3015 id
3380 2961 3477 3016 est
3514 2953 3835 3036 proximos
3872 2972 3947 3015 ac

844 3072 881 3115 a
927 3051 1052 3115 Deo
1094 3060 1157 3114 et
1202 3052 1443 3133 angelis
1491 3053 1727 3115 sanctis
1777 3053 2217 3136 permittitur3
2266 3063 2339 3115 ut
2379 3056 2422 3119 C
2452 3051 2699 3126 fideleS‚
2762 3059 2824 3114 et
2881 3071 3101 3115 omnes
3158 3071 3321 3133 quos
3381 3051 3499 3114 tibi
3556 3052 3945 3114 committam

844 3153 1180 3220 cribraret,
1222 3151 1287 3213 id
1324 3158 1440 3226 est,
1481 3152 1844 3215 tentationis
1886 3171 2016 3216 suae
2053 3152 2338 3234 impulsu

845 3248 1130 3329 agitaret,
1165 3256 1531 3313 concuteret
1571 3258 1634 3311 et
1672 3250 1974 3324 turbaret,
2016 3253 2185 3313 sicut
2229 3253 2342 3312 tri-

849 3350 1048 3409 ticum
1087 3347 1402 3410 cribratur
1438 3348 1506 3410 in
1545 3348 1776 3422 cribro,
1811 3349 1896 3410 ita
1934 3351 2100 3432 quod
2144 3349 2341 3432 paleae

847 3453 1196 3522 remanent,
1229 3445 1563 3528 farinaque
1611 3447 1856 3508 transit.
1901 3446 2002 3510 Sic
2039 3447 2227 3509 Judas
2272 3455 2342 3509 ut

845 3543 1059 3606 furfur
1095 3545 1400 3606 remansit
1446 3544 1696 3608 diabolo
1734 3546 1815 3607 ad
1855 3553 2189 3617 tormenta,
2230 3545 2339 3608 alii

845 3650 1059 3706 autem
1115 3642 1400 3725 Apostoli
1462 3643 1852 3705 transierunt
1907 3645 1984 3706 ad
2043 3644 2334 3724 gloriam.

845 3741 1160 3804 Elucescit
1184 3749 1397 3804 autem
1426 3759 1502 3804 ex
1535 3741 1746 3804 verbis
1784 3742 1906 3817 his,
1941 3743 2109 3824 quod
2141 3761 2343 3824 quan-

845 3847 910 3902 to
951 3840 1237 3903 diabolus
1268 3841 1441 3903 videt
1476 3841 1759 3923 aliquem
1796 3842 1996 3921 magis
2036 3841 2102 3902 in
2139 3842 2343 3921 gratia

847 3937 955 4000 Dei
997 3937 1330 4019 proficere,
1365 3956 1477 4000 seu
1514 3940 1591 4001 ad
1629 3939 1895 4002 meliora
1935 3939 2335 4020 dispositum,

847 4043 1022 4099 tanto
1070 4036 1214 4118 plus
1271 4036 1496 4098 nititur
1542 4055 1689 4099 eum
1747 4038 2153 4099 tentamentis
2207 4039 2340 4100 suis

850 4133 1238 4208 subvertere,
1290 4134 1443 4215 quia
1502 4133 1645 4215 plus
1704 4134 1948 4198 invidet
2003 4135 2083 4208 ei,
2137 4155 2339 4218 quum

2454 3152 2783 3231 regendos.
2819 3149 3230 3232 Quod-quam
3278 3150 3558 3213 fideliter
3594 3150 3795 3230 egerit
3842 3150 3949 3212 Pe-

2451 3256 2609 3324 truS,
2662 3249 2895 3331 partim
2954 3257 3125 3331 patet
3181 3249 3249 3310 in
3302 3249 3563 3311 Actibus
3619 3249 3949 3331 Apostolo-

2454 3366 2618 3422 rum,
2682 3356 2744 3410 et
2809 3348 2872 3409 in
2938 3347 3078 3428 ejus
3142 3348 3429 3428 legenda,
3489 3346 3946 3429 Itinerarioque

2454 3444 2814 3509 ClementiS.
2877 3447 3021 3509 Haec
3077 3446 3364 3528 loquitur
3419 3446 3703 3509 Christus
3764 3445 3945 3510 Petro

2452 3545 2793 3626 praecipue,
2825 3545 2979 3626 quia
3019 3545 3143 3627 ipsi
3186 3544 3641 3610 commissurus
3681 3543 3806 3607 fuit
3834 3545 3944 3607 Ec-

2450 3643 2731 3717 clesiam,
2783 3652 2854 3706 ut
2902 3651 3075 3726 patet
3124 3646 3295 3726 apud
3340 3645 3641 3708 Joannem
3690 3643 3800 3706 ubi
3850 3645 3943 3707 di-

2451 3741 2617 3803 citur
2664 3741 2721 3803 ei
2758 3741 2995 3804 :Pasce
3042 3759 3193 3805 oves
3242 3760 3435 3805 meas,
3487 3741 3673 3814 Quasi
3722 3742 3935 3805 dicat:
3978 3763 4213 3806 Jmm

2450 3839 2625 3902 Sicut
2681 3847 2748 3901 tu
2799 3859 2836 3902 a
2884 3859 2985 3902 me
3044 3841 3384 3922 specialem
3442 3841 3936 3905 misericordiam
3966 3829 4037 3867 ¹⁷·

2450 3939 2882 4020 consequeriS,
2936 3946 2998 4001 et
3050 3947 3192 4021 post
3240 3939 3488 4021 lapsum
3543 3940 3805 4020 erigeris
3852 3949 3939 4002 at-

2448 4055 2575 4118 que
2607 4036 2968 4099 firmaberis
2994 4057 3009 4117 3
3044 4037 3136 4099 sic
3164 4045 3233 4098 tu
3265 4057 3606 4101 conversus
3637 4038 3933 4121 perfecte,

2449 4136 2949 4199 misericordiam
2999 4137 3299 4218 impende
3340 4137 3645 4219 proximis
3689 4137 3838 4209 tuis,
3878 4147 3939 4199 et

851 4232 932 4294 sit
969 4231 1176 4295 omnis
1213 4231 1366 4294 boni
1403 4231 1652 4294 honesti
1697 4240 2041 4314 perpetuus
2079 4234 2342 4296 detesta-
2373 4240 2420 4300 D
2450 4234 2676 4298 robora
2716 4253 2789 4298 ac
2820 4234 3084 4296 subleva
3112 4253 3242 4298 eos.
3275 4235 3453 4298 Unde
3481 4236 3615 4298 haec
3652 4234 3776 4297 fuit
3817 4255 3939 4298 una

851 4337 970 4394 tor.
1025 4333 1162 4408 qu
1219 4340 1432 4392 autem
1493 4331 1722 4408 roqavi
1771 4350 1890 4408 pro
1951 4341 2027 4392 te.
2092 4331 2339 4397 Christo

851 4446 1129 4511 namque
1185 4429 1538 4491 secundum
1601 4435 1888 4491 naturam
1946 4441 2337 4514 assumptam

850 4526 1246 4610 competebat
1311 4545 1511 4590 orare.
1569 4526 1745 4589 Unde
1807 4530 1977 4610 apud
2035 4530 2337 4594 Joannem

853 4627 1050 4688 multa
1087 4634 1222 4690 orat
1259 4644 1376 4708 pro
1414 4625 1567 4700 suiS,
1592 4626 1946 4709 ceterisque
1985 4628 2226 4704 electis,
2252 4631 2341 4692 di-

850 4727 1048 4789 cendo
1083 4744 1097 4788 ε
1129 4724 1308 4786 Pater
1345 4731 1578 4798 sancte,
1611 4742 1792 4788 serva
1829 4743 1935 4789 eos
1973 4725 2040 4788 in
2082 4729 2340 4791 nomine

851 4832 960 4888 tuo
998 4842 1158 4906 quos
1204 4822 1435 4885 dedisti
1475 4822 1656 4884 mihi.
1706 4827 1780 4886 Ut
1819 4845 1948 4886 reon
1979 4828 2239 4904 deficiat
2266 4833 2341 4905 fi-

849 4925 958 4983 des
997 4931 1131 4993 tua,
1178 4921 1295 4983 hoc
1339 4926 1450 4995 est,
1496 4937 1576 4982 ne
1623 4921 1878 5003 penitus
1927 4924 2333 5006 exstirpetur,

849 5027 957 5083 aut
1001 5019 1280 5081 finaliter
1317 5017 1592 5090 deficiat,
1635 5020 1928 5100 quamvis
1965 5022 2042 5083 ad
2083 5029 2337 5104 tempus

848 5118 1120 5183 vacillet.
1150 5117 1366 5198 Itaque
1410 5115 1692 5180 Christus
1733 5118 1936 5180 oravit
1978 5138 2091 5200 pro
2131 5119 2331 5198 Petr0,

851 5237 975 5280 non
1017 5224 1085 5278 ut
1123 5234 1248 5279 non
1289 5221 1654 5288 tentaretur,
1689 5217 1798 5278 sed
1837 5224 1906 5278 ut
1943 5217 2010 5279 in
2048 5221 2340 5285 tentatio-

852 5315 950 5377 nis
991 5313 1158 5376 malo
1205 5331 1330 5376 non
1374 5311 1861 5394 relinqueretur.
1893 5313 2019 5378 Nec
2067 5317 2335 5380 dubium

2451 4333 2773 4416 praecipua
2804 4352 3012 4408 causa,
3048 4351 3163 4395 cur
3192 4334 3476 4397 Christus
3505 4334 3795 4397 futurum
3830 4334 3940 4398 Ec-

2450 4432 2659 4494 clesiae
2706 4450 2836 4494 suae
2884 4439 3201 4513 pastorem
3252 4432 3477 4495 ceteris
3524 4433 3741 4496 electis
3779 4434 3940 4517 Apo-

2450 4530 2627 4593 stolis
2665 4530 2920 4610 gravius
2959 4530 3085 4592 labi
3126 4530 3437 4613 permisit,
3472 4539 3542 4593 ut
3578 4532 3643 4593 in
3686 4533 3941 4615 propria

2448 4627 2805 4709 fragilitate,
2852 4628 3041 4710 culpa
3080 4635 3144 4691 et
3187 4629 3579 4710 reparatione
3628 4630 3935 4711 piissima,

2449 4727 2720 4790 disceret
2774 4728 3093 4809 quomodo
3150 4727 3293 4788 aliis
3351 4734 3816 4810 compateretur
3868 4747 3939 4791 ac

2449 4825 2840 4890 subveniret.
2871 4824 3155 4888 Tentatio
3181 4826 3427 4908 quippe
3454 4826 3672 4889 electis
3699 4829 3781 4890 ad
3810 4829 3940 4910 plu-

2450 4925 2611 4987 rima
2658 4925 2933 5007 prodest,
2986 4923 3303 4998 videlicet,
3356 4932 3427 4987 ut
3472 4926 3792 5008 propriam
3847 4927 3937 4988 in-

2446 5023 2816 5087 firmitatem
2844 5029 3205 5103 agnoscant,
3237 5022 3435 5084 Deum
3465 5022 3816 5086 ferventius
3846 5025 3938 5087 in-

2448 5130 2691 5198 vocent,
2711 5121 3019 5183 cautiores
3050 5128 3386 5202 resurgant,
3407 5129 3469 5184 et
3494 5121 3635 5184 aliis
3666 5124 3933 5205 compati

2447 5221 2711 5293 discant,
2746 5218 2965 5300 sicque
3006 5237 3300 5281 coronam
3338 5219 3554 5300 gloriae
3594 5220 3934 5303 adipiscan·
4002 5275 4133 5318 Sed..

2446 5326 2570 5380 tur.
2625 5317 2783 5379 Hinc
2832 5317 2896 5378 in
2948 5316 3389 5380 Ecclesiastico
3435 5318 3703 5381 habetur
3754 5338 3770 5382 :
3820 5319 3927 5394 Qui
3952 5307 4197 5390 summio.
