4300 6259
841 445 1000 543 '428

597 3647 734 3691 Ρνου.
759 3662 782 3691 x
793 3662 846 3699 vn,

1644 502 2002 551 muttum
2039 502 2104 549 m
2144 503 2284 551 cAP.
2328 504 2439 551 vm
2478 503 2755 552 somma.
2800 521 2881 537 ··-··
2918 506 3061 553 Am.
3105 506 3213 553 m

880 670 1314 735 testimonium
1373 694 1584 736 meum
1626 697 1649 735 .·
1695 678 1855 757 quia
1901 677 2053 747 scie,
2110 676 2373 739 scicntia
2407 674 2459 736 A
2588 678 2701 738 Vos
2728 679 3084 741 secundum
3123 692 3382 740 carnem
3395 680 3752 757 judicatis,
3781 680 3843 745 id
3876 686 3969 743 est
4080 687 4134 742 {5

880 765 1159 831 increata
1202 773 1750 855 comprehensive,
1785 783 1976 857 atque
2015 785 2223 839 creata
2267 796 2380 858 ap-

880 867 1282 947 prehensive,
1315 875 1514 943 unde,
1536 873 1598 935 id
1629 880 1724 936 est
1753 893 1788 936 a
1816 893 1966 956 quo,
1993 878 2167 944 veni,
2196 882 2381 957 utpo-

879 971 940 1027 te
969 965 1168 1029 Deum
1193 968 1517 1045 ·Patrem,a
1544 991 1674 1053 quo
1703 982 1887 1036 natus
1917 992 2060 1035 sum
2089 974 2169 1037 ab
2200 983 2376 1037 aeter-

880 1082 984 1139 no,
1021 1072 1084 1125 et
1120 1086 1156 1128 a
1193 1086 1323 1148 quo
1363 1088 1504 1131 sum
1557 1070 1790 1133 missus
1838 1071 1904 1133 in
1955 1079 2243 1156 tempore
2268 1093 2285 1153 ;
2314 1084 2375 1135 ec

877 1184 1002 1243 quo
1072 1169 1261 1235 vado,
1326 1167 1391 1230 id
1457 1176 1552 1231 est
1613 1171 1908 1233 eumdem
1966 1170 2234 1245 Patrem,
2296 1174 2373 1235 ad

877 1280 1072 1343 quem
1134 1264 1258 1328 cito
1327 1274 1606 1329 revertar
1661 1270 2061 1333 ascendendo
2117 1272 2193 1333 ad
2254 1290 2375 1335 coe-

879 1359 1014 1429 lum
1049 1380 1062 1424 :
1097 1370 1158 1425 et
1191 1382 1304 1445 per
1347 1384 1745 1448 consequens
1789 1386 2100 1449 cognosco
2129 1388 2233 1432 me
2274 1371 2373 1453 ip-

879 1478 1044 1535 sum,
1070 1479 1186 1524 nec
1215 1461 1573 1527 inordinate
1609 1465 1690 1529 ad
1719 1484 1822 1528 me
1851 1467 2066 1549 ipsum
2096 1467 2369 1545 afficior,

875 1560 1030 1640 quia
1059 1561 1334 1642 cognitio
1378 1563 1497 1626 ista
1537 1582 1662 1627 non
1713 1572 1808 1627 est
1851 1566 2167 1643 informiS,
2206 1570 2374 1633 nuda

872 1666 937 1720 et
967 1658 1348 1725 defectuosa.
1367 1662 1525 1725 Dum
1558 1663 1730 1726 enim
1763 1664 2156 1748 principium
2190 1668 2279 1729 roi
2312 1677 2375 1732 et

874 1756 1199 1840 finis'ejus
1231 1762 1653 1841 cognoscitur,
1688 1763 1828 1845 ipsa
1857 1784 2115 1847 quoque
2144 1786 2375 1849 cogno—

874 1856 1094 1921 scitur.
1128 1856 1383 1940 Oportet
1413 1860 1597 1935 scire,
1631 1864 1802 1943 quod
1831 1863 2115 1927 Christus
2145 1884 2372 1929 secun·
2407 1869 2454 1931 B
2481 1889 2698 1948 quam.
2730 1866 2889 1940 Quid
2920 1874 3015 1928 est
3054 1866 3216 1930 boc?
3258 1865 3477 1929 Nonne
3524 1867 3813 1943 dicend0,
3845 1866 3969 1948 Ego

876 1956 1029 2019 dum
1071 1964 1407 2040 utramque
1451 1966 1738 2023 naturam
1777 1962 1976 2025 exivit
2013 1970 2074 2025 et
2121 1965 2298 2027 venit
2334 1985 2372 2028 a

873 2052 1074 2134 Patre,
1127 2055 1214 2117 ita
1254 2058 1425 2138 quod
1483 2056 1681 2135 Pater,
1726 2063 2075 2124 secundum
2138 2071 2372 2127 utram-

875 2170 1003 2234 que
1035 2160 1326 2216 naturam
1355 2164 1451 2218 est
1481 2156 1872 2239 principium
1906 2159 2160 2236 Christi,
2194 2163 2370 2243 origo

875 2258 938 2313 et
987 2250 1172 2325 fons;
1207 2255 1315 2316 sed
1365 2256 1598 2318 reverti
1647 2258 1725 2319 ad
1768 2257 2013 2320 Patrem
2064 2266 2366 2341 tanquam

875 2352 954 2413 ad
1002 2351 1225 2427 finem,
1273 2371 1398 2416 non
1449 2356 1756 2437 competit
1803 2356 2050 2422 Christo
2099 2360 2225 2422 nisi
2276 2380 2371 2423 se-

873 2452 1160 2513 cundum
1211 2460 1502 2517 naturam
1561 2455 1926 2532 humanam,
1979 2477 2108 2539 qua
2156 2460 2369 2524 minor

873 2557 972 2613 est
998 2551 1198 2624 Patre,
1233 2559 1295 2614 et
1336 2552 1593 2616 distavit
1630 2554 1709 2617 ab
1751 2555 1891 2637 ipso
1940 2566 2251 2638 quantum
2290 2561 2367 2622 ad

873 2650 1159 2733 corporis
1191 2651 1694 2733 passibilitatem,
1732 2654 2046 2737 rediitque
2084 2658 2162 2719 ad
2194 2676 2363 2736 eum,

872 2768 909 2812 a
939 2767 1068 2829 quo
1098 2751 1450 2813 secundum
1483 2751 1880 2816 divinitatem
1923 2774 2243 2838 nusquam
2276 2754 2371 2820 rcss

869 2848 1083 2911 cessit.
1117 2847 1328 2912 Nihilo
1366 2848 1580 2913 minus
1621 2852 1985 2933 unigenitus
2027 2854 2245 2931 Filius,
2276 2875 2371 2919 se-

874 2946 1156 3010 cundum
1216 2947 1613 3012 divinitatem
1672 2969 1930 3033 quoque
1986 2953 2062 3014 ad
2121 2952 2366 3017 Patrem

2487 778 2837 839 secundum
2886 796 2959 839 ea
3005 797 3150 860 quae
3196 777 3351 843 foris
3388 787 3718 861 apparent,
3750 798 3969 842 secun-

2486 880 2637 942 dum
2690 894 2947 939 sensum
2999 878 3315 939 carnalem
3359 886 3422 939 et
3470 878 3769 942 vitiosum
3816 877 3969 940 asfe-

2486 985 2681 1048 ctum,
2718 994 2844 1039 non
2891 976 3240 1038 secundum
3285 984 3519 1039 rectam
3566 977 3869 1040 rationem
3908 986 3966 1039 et

2486 1076 2761 1159 Spiritus
2801 1074 3008 1137 Sancti
3049 1075 3483 1139 directionem.
3517 1075 3693 1139 Unde
3732 1078 3965 1159 superi-

2486 1195 2560 1238 us
2600 1174 2759 1237 dixit
2792 1194 2805 1237 :
2842 1172 3047 1237 Nolite
3084 1175 3435 1237 secundum
3472 1174 3699 1237 faciem
3732 1176 3965 1256 judica·
4002 1190 4197 1233 Jonas-m

2485 1294 2573 1337 re.
2618 1273 2921 1347 Quoniam
2967 1274 3139 1335 enim
3181 1274 3479 1336 viderunt
3512 1273 3722 1336 Iesum
3768 1275 3964 1337 homi·
3988 1258 4047 1299 ²⁴·

2485 1372 2677 1436 nibus
2711 1372 2988 1435 similem
3030 1371 3185 1435 foris
3223 1380 3535 1454 quantum
3567 1374 3645 1435 ad
3684 1372 3989 1456 corporis

2482 1472 2835 1545 veritatem,
2887 1470 3393 1554 passibilitatem,
3440 1479 3809 1554 ceterosque
3870 1472 3963 1534 in-

2484 1570 2893 1634 detrahibiles
2922 1570 3228 1646 defectus,
3254 1571 3559 1653 putabant
3594 1572 3765 1653 quod
3802 1579 3968 1635 esset

2482 1671 2672 1735 homo
2716 1688 2936 1752 puruS,
2972 1687 3182 1751 neque
3227 1669 3447 1732 liceret
3487 1670 3609 1732 sibi
3659 1671 3745 1732 de
3784 1690 3852 1733 se
3884 1680 3968 1733 te-

2482 1768 2851 1832 stimonium
2898 1767 3089 1830 ferre.
3140 1770 3276 1845 Eyo
3322 1787 3455 1829 non
3476 1770 3711 1845 judico
3758 1790 3969 1849 que-m·

4024 1894 4115 1923 vm.
4132 1883 4181 1921 12.

2483 1986 2625 2028 sum
2656 1966 2764 2028 lux
2802 1966 3049 2037 mundi,
3080 1964 3390 2046 judicavit
3436 1984 3504 2027 se
3545 1964 3757 2047 ipsum
3804 1965 3971 2046 judi-

2482 2065 2579 2127 cio
2608 2063 3085 2147 approbationis
3116 2072 3179 2125 et
3216 2063 3657 2126 discretionis?
3687 2064 3971 2147 Itemque

2480 2164 2770 2238 dicende,
2803 2163 2923 2225 Vos
2965 2164 3317 2226 secundum
3354 2181 3607 2225 carnem
3648 2162 3967 2243 judicatiS‚

2478 2262 2789 2343 judicavit
2835 2261 3177 2325 Pharisaeos
3224 2261 3467 2341 judicio
3514 2260 3971 2343 reprobationis

2481 2380 2591 2423 seu
2634 2360 3119 2441 redargutionis.
3160 2358 3465 2443 Superius
3507 2377 3769 2442 quoque
3812 2360 3974 2423 dixit

2480 2459 2761 2523 Salvator
2806 2478 2819 2522 ε
2863 2458 3043 2521 Pater
3086 2477 3211 2522 non
3258 2458 3501 2540 judicat
3554 2476 3965 2541 quemquam,
3994 2474 4195 2523 tesana,

2479 2560 2589 2621 sed
2619 2577 2807 2621 omne
2838 2558 3150 2638 judiciuin
3182 2558 3354 2620 dedit
3382 2557 3561 2621 Filio.
3592 2556 3711 2620 Sed
3742 2559 3968 2622 horum

2480 2658 2713 2721 solutio
2742 2656 3103 2739 aliqualiter
3142 2664 3311 2739 patet
3349 2674 3425 2719 ex
3474 2656 3575 2719 his
3622 2676 3767 2739 quae
3804 2658 3971 2720 dicta

2480 2764 2628 2819 sunt
2677 2774 2871 2837 super
2918 2755 3077 2817 illud
3122 2774 3135 2817 :
3182 2753 3314 2819 Non
3350 2755 3523 2818 enim
3572 2755 3747 2817 misit
3792 2755 3969 2819 Pater
3995 2769 4195 2815 mama

2478 2854 2711 2917 Filium
2742 2874 2931 2916 suum
2964 2854 3027 2915 in
3059 2854 3371 2916 mundum
3415 2862 3484 2916 ut
3510 2854 3754 2935 judicet
3781 2874 3969 2917 mun-

2479 2955 2653 3025 dum,
2689 2954 2798 3015 sed
2829 2959 2899 3014 ut
2937 2952 3215 3016 salvetur
3254 2954 3533 3017 mundus
3577 2972 3692 3036 per
3728 2952 3964 3035 ipsum.

874 3045 1266 3109 convertitur
1306 3065 1420 3128 per
1459 3049 2058 3132 contemplationem
2099 3071 2173 3115 ac
2212 3053 2369 3116 dile-
2407 3054 2451 3117 C
2480 3053 2545 3115 ln
2580 3053 2790 3135 primo
2830 3052 3000 3114 enim
3040 3070 3155 3115 suo
3194 3052 3469 3114 adventu
3518 3072 3648 3115 non
3685 3053 3972 3115 exercuit

873 3144 1171 3219 ctionem,
1206 3146 1313 3208 sed
1361 3164 1485 3209 non
1527 3165 1643 3229 per
1680 3149 2167 3229 dependentiam
2206 3152 2368 3215 :sic-

873 3251 1006 3325 q'ue
1055 3244 1448 3307 convertitur
1494 3246 1569 3307 ad
1618 3245 1885 3322 Patrem,
1937 3256 2238 3331 tanquam
2287 3252 2365 3314 ad

873 3341 1192 3423 obJectum
1222 3343 1486 3424 aequale,
1522 3361 1647 3406 non
1691 3352 1992 3426 tanquam
2035 3349 2113 3410 ad
2163 3348 2363 3411 finem

876 3440 1318 3522 superiorem3
1369 3442 1478 3504 sed
1526 3442 1664 3524 ipse
1713 3450 1776 3504 et
1824 3443 2003 3507 Pater
2049 3465 2123 3509 ac
2168 3445 2367 3529 Spiri-

874 3546 979 3601 tus
1020 3537 1286 3601 Sanctus
1325 3546 1473 3602 sunt
1512 3560 1678 3603 unus
1717 3541 1893 3617 finis,
1929 3543 1995 3605 in
2038 3564 2231 3626 quem
2268 3566 2368 3609 or-

877 3638 1150 3701 dinanda
1191 3646 1340 3701 sunt
1376 3639 1607 3710 omnia,
1627 3640 1930 3721 quoniam
1972 3643 2187 3706 omnia
2229 3664 2367 3727 pro-

877 3744 1018 3820 pter
1066 3754 1135 3798 se
1183 3736 1395 3817 ipsum
1444 3745 1764 3819 operatus·
1789 3748 1885 3802 est
1930 3740 2259 3824 DominuS‚
2298 3751 2366 3806 ut

876 3835 1170 3899 Salomon
1213 3836 1321 3898 ait.

955 3936 1068 3994 Vos
1115 3942 1331 3995 autem
1379 3936 1635 3995 nescitis
1683 3940 1856 3998 unde
1899 3940 2109 4008 venie,
2159 3939 2221 4001 id
2271 3948 2368 4002 est

870 4031 1138 4107 Patrem,
1172 4052 1208 4094 a
1255 4052 1385 4115 quo
1427 4034 1808 4097 aeternaliter
1852 4036 2099 4117 gignor,
2141 4045 2205 4100 et
2253 4058 2367 4121 per

872 4130 1372 4193 incarnationem
1411 4132 1645 4194 missus
1687 4152 1852 4210 sum,
1890 4135 2018 4197 imo
2063 4135 2366 4200 continuo

2480 3151 2765 3215 Christus
2812 3149 3126 3232 judicium
3175 3150 3721 3215 condemnationis
3766 3159 3828 3213 et
3878 3170 3973 3213 re-

2480 3248 2961 3324 munerationiS,
3013 3248 3123 3310 sed
3182 3248 3582 3311 discretionis
3644 3257 3707 3311 et
3763 3250 3970 3313 incre-

2482 3348 2755 3430 pationis
2802 3347 3104 3410 ordinatae
3150 3348 3227 3409 ad
3270 3347 3799 3423 emendationem,
3842 3368 3968 3413 non

2480 3448 2557 3509 ad
2610 3464 2884 3529 poenam.
2934 3445 3153 3528 Itaque
3199 3445 3289 3507 ait
3336 3463 3351 3507 t
3403 3444 3533 3527 Ego
3580 3465 3705 3509 non
3752 3448 3969 3527 judico

2479 3563 2870 3627 quemquam
2914 3544 2980 3607 in
3026 3544 3234 3627 primo
3277 3562 3417 3607 meo
3460 3545 3761 3619 adventu,
3802 3546 3971 3626 judi-

2480 3646 2578 3708 cio
2635 3644 2851 3706 finalis
2910 3642 3371 3725 reprobationis
3426 3662 3500 3706 ac
3559 3646 3969 3707 remunerati·

2478 3744 2641 3819 onis,
2684 3742 2837 3824 quia
2884 3742 3004 3806 boc
3055 3740 3170 3803 fiet
3219 3742 3284 3804 in
3335 3743 3614 3806 secundo
3665 3744 3965 3807 adventu.

2480 3841 2744 3915 Quidam
2804 3848 3134 3923 exponunt
3190 3840 3281 3903 sic
3332 3858 3345 3902 :
3398 3839 3527 3921 Ego
3577 3859 3702 3904 non
3751 3841 3969 3924 judico

2478 3958 2891 4022 quemquam,
2950 3956 3025 4002 eo
3073 3939 3259 4002 modo
3311 3957 3437 4020 quo
3486 3958 3620 4013 v03,
3672 3958 3709 4003 o
3756 3940 3969 4004 Phari-

2478 4039 2608 4113 saei,
2655 4046 2807 4121 puta
2850 4037 3201 4099 secundum
3247 4056 3520 4099 carnem.

2555 4137 2728 4211 Quod
2758 4143 2969 4199 autem
3002 4135 3285 4199 Christus
3322 4136 3539 4217 aliquo
3577 4139 3765 4201 modo
3799 4138 3969 4218 judi-

870 4228 1109 4304 mittor,
1133 4229 1436 4310 quoniam
1469 4230 1784 4312 quidquid
1815 4251 1954 4313 ago,
1991 4252 2068 4295 ex
2099 4234 2240 4315 ejus
2271 4235 2368 4297 in-
2398 4241 2449 4303 D
2478 4236 2735 4311 caverit,
2762 4240 3005 4299 constat
3042 4252 3117 4297 ex
3158 4252 3233 4298 eo
3271 4235 3441 4316 quod
3483 4234 3781 4298 subditur
3812 4255 3829 4299 τ
3860 4240 3968 4299 Et·
4082 4236 4132 4292 ¹6

869 4326 1215 4409 spiratione
1244 4327 1781 4411 inclinationeque
1809 4330 2095 4411 ag0.Fuit
2122 4333 2367 4415 quippe
2474 4339 2556 4409 si,
2589 4336 2653 4398 id
2684 4342 2780 4397 est
2816 4333 3110 4415 quamvis
3154 4341 3217 4395 et
3262 4333 3435 4415 quia,
3470 4334 3706 4411 judico
3734 4356 3872 4413 eye,
3904 4336 3965 4398 id

868 4426 1080 4488 anima
1120 4425 1350 4489 Christi
1399 4426 1580 4490 donis
1621 4426 1894 4509 Spiritus
1934 4427 2144 4492 Sancti
2194 4450 2368 4495 sum-

869 4543 972 4586 me
1005 4525 1264 4607 repleta,
1301 4544 1415 4608 per
1456 4544 1602 4606 quae
1639 4524 1703 4587 in
1745 4528 1918 4589 omni
1959 4528 2208 4592 actione
2239 4548 2368 4593 mo·

870 4623 1136 4687 vehatur
1175 4642 1212 4685 a
1249 4624 1396 4687 Deo.
1429 4626 1566 4687 Aut
1606 4644 1728 4705 quo
1768 4629 1958 4696 vado,
1988 4626 2053 4688 id
2093 4635 2211 4702 est,
2246 4636 2368 4690 ter-

871 4720 1120 4783 minum
1157 4722 1236 4783 ad
1275 4740 1466 4803 quem
1514 4724 1706 4786 tendo
1755 4724 2035 4799 nescitiS,
2072 4725 2369 4788 videlicet

872 4818 1138 4894 Patrem,
1191 4838 1303 4881 seu
1362 4821 1645 4902 corporis
1697 4820 2252 4901 glorificationem,
2305 4832 2369 4887 et

874 4917 1223 4980 sessionem
1281 4919 1359 4980 ad
1419 4920 1741 4981 dexteram
1802 4919 1997 4983 Patris
2056 4923 2369 5003 regnatio-

876 5034 1154 5096 nemque
1185 5016 1250 5077 in
1284 5015 1484 5079 coelis.
1518 5016 1758 5081 Idcirco
1798 5038 1923 5083 non
1968 5021 2229 5101 potestis
2259 5020 2369 5083 be-

879 5131 958 5176 ne
985 5113 1272 5195 judicare
1311 5115 1388 5177 dc
1429 5132 1551 5190 me,
1585 5135 1788 5197 quum
1839 5134 1966 5181 non
2013 5120 2368 5199 agnoscatis

875 5230 996 5286 me,
1017 5230 1211 5293 quem
1242 5231 1477 5295 purum
1508 5213 1832 5277 hominem
1862 5216 2208 5280 aestimatis.
2236 5218 2371 5281 Pro-

878 5317 1093 5393 pterea
1137 5311 1428 5393 sequitur
1460 5330 1474 5374 :

2476 4443 2592 4509 est,
2631 4432 3011 4496 sententiam
3043 4430 3440 4494 definitivam
3474 4431 3730 4514 profero
3759 4434 3839 4497 de
3868 4452 3967 4496 me

2478 4533 2619 4614 ipso
2665 4549 2739 4593 ac
2794 4529 2957 4603 aliis,
3012 4529 3075 4592 id
3130 4536 3247 4605 est,
3301 4529 3595 4610 quamvis
3652 4530 3964 4610 judicium

2478 4628 2879 4695 discretionis
2927 4627 3213 4701 enuntio,
3267 4627 3433 4689 inter
3479 4626 3681 4691 bonos
3728 4638 3795 4691 et
3840 4648 3969 4692 ma-

2477 4729 2571 4792 los
2618 4726 3055 4799 discernendO,
3074 4726 3418 4802 judicium
3448 4746 3659 4787 meum
3701 4727 3827 4789 tale
3874 4746 3971 4787 ve-

2476 4836 2626 4889 ru‘m
2655 4835 2767 4897 est,
2788 4824 2852 4887 id
2883 4831 2979 4886 est
3008 4831 3251 4902 rectum
3282 4830 3347 4885 et
3374 4822 3627 4898 efficax,
3653 4827 3813 4904 quia
3842 4845 3969 4886 non

2476 4946 2621 4987 sum
2661 4927 2857 4991 solus,
2904 4922 2967 4984 id
3016 4928 3112 4983 est
3160 4922 3299 4984 sine
3346 4928 3507 4983 teste
3563 4929 3626 4984 et
3682 4921 3971 5005 conjudi-

2478 5030 2681 5097 cante,
2714 5025 2826 5083 sed
2850 5041 2961 5098 eqo
2991 5039 3135 5083 sum
3174 5028 3410 5083 testans
3454 5039 3527 5083 ac
3564 5020 3883 5101 judicanS‚
3910 5030 3969 5081 et

2478 5122 2597 5201 qui
2644 5140 2743 5180 me
2790 5121 2971 5182 misit
3018 5120 3240 5189 Pater,
3291 5118 3353 5180 id
3402 5126 3519 5194 est,
3572 5118 3735 5181 Deus
3794 5118 3969 5181 Pater

2480 5238 2731 5282 mecum
2775 5225 2839 5281 et
2882 5218 2948 5280 in
2989 5235 3092 5279 me
3129 5224 3246 5291 est,
3281 5216 3441 5280 mihi
3481 5225 3842 5299 contestans
3886 5226 3971 5279 at-

2480 5335 2608 5400 que
2656 5316 3092 5399 conjudicans.
3142 5316 3212 5378 In
3261 5315 3565 5380 Trinitate
3622 5317 3797 5382 enim
3848 5324 3969 5382 non
