4300 6259
599 1071 772 1115 Mami.

544 1148 689 1185 xxviii,
726 1137 794 1177 20.

597 1469 630 1512 n

643 1469 746 1512 Cor.

547 1537 590 1584 6.
610 1537 649 1577 7.

641 5114 712 5170 25

763 1481 806 1518 v.
838 1452 887 1513 Α
894 1452 1140 1534 postolo
1194 1472 1206 1516 :

836 473 958 536 376

1585 489 1935 538 ENARRATIO
1978 489 2041 536 IN
2083 490 2222 536 cAP.
2273 488 2400 535 xvn
2446 488 2721 536 JoAans.
2768 509 2847 518 —
2886 491 3032 536 ΛΒΤ.
3078 490 3199 536 xm

836 661 1252 738 beatitudine,
1295 662 1361 725 in
1406 681 1534 744 qua
1575 663 1790 726 anima
1839 679 1978 725 mea
2017 680 2191 724 nunc
2232 679 2333 723 ac·
2360 661 2411 722 A
2442 660 2559 722 tias
2618 660 2859 723 dilexit.
2916 661 3091 724 Unde
3148 662 3215 724 in
3272 661 3565 744 Sapiente
3622 661 3941 742 scriptum

840 761 1095 823 tualiter
1133 768 1248 823 est.
1287 765 1367 824 Ει
1404 764 1514 822 ilci
1548 764 1683 823 sint
1721 783 1968 823 mecum
2009 768 2153 842 post
2189 760 2334 822 vitae

843 859 1035 939 hujus
1085 861 1500 922 curriculum.
1541 861 1838 933 Quamvis
1887 860 2058 922 enim
2107 858 2333 922 fideles

841 957 970 1020 sint
1012 959 1144 1039 jam
1193 978 1338 1021 cum
1391 959 1637 1023 Christo
1677 978 1792 1042 per
1839 957 2036 1022 fidem
2087 966 2148 1021 et
2195 976 2336 1039 gra-

839 1057 1014 1131 tiam,
1076 1077 1278 1141 quum
1347 1059 1486 1141 ipse
1550 1058 1934 1140 promiserit,
1999 1057 2158 1120 Ecce
2220 1075 2335 1137 ego

841 1155 1170 1219 vobiscum
1216 1176 1355 1219 sum
1400 1157 1698 1220 omnibus
1743 1156 1966 1218 diebus
2011 1173 2217 1238 usque
2256 1155 2333 1216 ad

839 1256 1451 1320 consummationem
1481 1255 1728 1335 saeculi3
1755 1255 1956 1318 nihilo
1985 1255 2201 1318 minus
2230 1254 2335 1316 ali-

839 1372 968 1434 quo
1025 1356 1214 1417 modo
1271 1374 1442 1417 nunc
1500 1354 1732 1417 distant
1785 1353 1866 1415 ab
1925 1371 2021 1428 eo,
2084 1353 2335 1416 dicente

1261 1453 1420 1514 Dum
1473 1471 1696 1514 sumus
1757 1453 1821 1515 in
1875 1452 1995 1515 hoc
2043 1469 2330 1532 corpore,

841 1551 1322 1633 peregrinamur
1353 1571 1390 1613 a
1421 1551 1727 1630 Domin03
1773 1569 1884 1633 per
1924 1549 2121 1613 fidem
2162 1550 2333 1612 enim

837 1649 1260 1724 ambulamuS‚
1308 1658 1371 1712 et
1415 1669 1541 1713 non
1587 1667 1700 1732 per
1742 1649 2045 1732 speciem.

933 1753 1006 1811 Ut
1047 1753 1310 1811 videant
1349 1750 1550 1813 oculis
1591 1749 1798 1812 cordis
1836 1751 2230 1818 claritatem,
2269 1748 2333 1810 id

2442 767 2539 821 est
2572 779 2585 822 :
2618 759 2821 833 Quum
2864 761 2951 822 sis
2998 761 3230 841 justus,
3264 761 3477 824 omnia
3510 760 3684 841 juste
3725 760 3945 841 dispo-
4018 784 4133 838 529,
4162 799 4219 831 ῃ,

2444 859 2580 936 nis3
2615 859 2817 920 virtus
2846 860 3018 921 enim
3058 868 3187 935 tua,
3218 860 3481 940 justitiae
3519 859 3777 921 initium
3816 866 3935 918 est.
3974 851 4041 896 ¹⁵·
4066 851 4133 888 ¹⁶·

2446 960 2737 1018 Mundus
2784 967 2842 1018 te
2887 978 3015 1018 non
3066 961 3359 1036 coynovic
3408 957 3629 1020 notitia
3677 954 3939 1017 salutari

2445 1053 2732 1116 formata.
2768 1053 3165 1136 Evangelista
3192 1056 3458 1119 Ioannes
3498 1054 3733 1137 accipit
3761 1073 3945 1115 mun-

2445 1154 2597 1215 dum
2637 1172 2807 1215 nunc
2847 1172 2961 1236 pro
3003 1154 3289 1236 reprobis
3328 1173 3400 1216 ac
3445 1153 3785 1216 mundanis
3830 1153 3945 1215 ho-

2448 1251 2751 1314 minibus.
2778 1252 2951 1314 Unde
2982 1260 3046 1315 et
3080 1254 3248 1335 apud
3278 1252 3633 1315 Matthaeum
3678 1252 3937 1326 dicitur,

2450 1350 2551 1413 Vae
2596 1352 2836 1414 mundo
2882 1370 2918 1412 a
2975 1351 3309 1414 scandalis.

2446 1449 2725 1531 maligno
2769 1449 3012 1532 positus
3064 1457 3179 1511 est.
3229 1451 3548 1513 Interdum
3596 1469 3771 1524 vero,
3824 1454 3994 1532 pro¹

2446 1548 2710 1610 electis
2695 1569 2759 1610 ιη
2794 1549 2913 1611 hoc
2944 1551 3183 1612 mundo
3214 1549 3661 1612 versantibus,
3696 1550 3777 1610 de
3805 1547 4037 1629 qui-19.

2445 1647 2565 1709 bus
2597 1667 2767 1710 nunc
2796 1648 2976 1723 dixit,
3008 1647 3085 1709 Ut
3115 1656 3447 1730 cognoscat
3476 1650 3757 1711 mundus
3788 1648 3942 1729 quia

2445 1751 2513 1806 tu
2564 1764 2665 1808 me
2712 1747 2966 1808 misisti.
3020 1745 3322 1829 Denique,
3376 1747 3522 1810 licet
3571 1746 3941 1829 philosophi

838 1855 932 1910 est
958 1848 1225 1929 gloriam
1258 1869 1487 1920 meam,
1522 1847 1816 1910 videlicet
1851 1847 2193 1909 increatam
2227 1846 2337 1908 be-
2375 1844 2418 1907 B
2448 1862 2561 1926 per
2590 1844 2941 1907 naturalem
2973 1845 3294 1920 rationem,
3313 1846 3505 1909 Judaei
3536 1863 3799 1928 quoque
3831 1862 3944 1927 per

836 1947 1234 2020 atitudinem,
1278 1965 1491 2008 veram
1543 1946 1983 2017 divinitatemz
2028 1946 2153 2019 vel,
2198 1944 2335 2008 Glo-

838 2045 997 2107 riam
1055 2064 1281 2120 meam,
1347 2045 1410 2108 id
1469 2053 1563 2108 est
1621 2054 1896 2107 creatam
1962 2043 2337 2106 felicitatem

836 2143 1063 2206 animae
1109 2163 1266 2206 meae
1309 2151 1373 2205 et
1420 2144 1703 2224 corporis
1755 2143 1878 2204 mei
1926 2141 2339 2224 glorificatio-

837 2261 1005 2316 nem,
1057 2261 1203 2323 quae
1251 2242 1689 2324 corporalibus
1738 2241 1942 2305 oculis
1990 2240 2338 2324 conspicie-

839 2347 962 2402 tur.
1021 2343 1228 2410 Quam
1285 2341 1634 2403 claritatem
1694 2340 2038 2403 increatam
2096 2341 2337 2401 dedisci

838 2441 1007 2500 milei
1049 2439 1129 2501 ab
1175 2449 1410 2503 aeterno
1467 2457 1583 2521 per
1637 2439 2112 2520 generationem
2175 2438 2339 2501 divi-

839 2557 1027 2618 nam3
1069 2539 1417 2600 claritatem
1454 2556 1606 2600 vero
1644 2545 1916 2600 creatam
1956 2537 2185 2599 dedisti
2227 2537 2339 2598 mi-

838 2636 902 2697 hi
936 2637 1000 2698 in
1031 2645 1332 2718 tempore,
1369 2645 1587 2718 utpote
1618 2635 2076 2698 beatitudinem
2106 2635 2337 2697 animae

839 2735 903 2796 in
955 2735 1408 2810 incarnatione,
1458 2734 1989 2816 glorificationem
2049 2733 2335 2816 corporis

838 2835 902 2896 in
955 2835 1458 2913 resurrectione3
1501 2836 1660 2913 quia
1695 2835 1995 2894 dilexisti
2037 2853 2136 2894 me
2186 2841 2336 2893 ante

837 2935 1355 2994 constitutionem
1413 2933 1673 3001 mundi,
1737 2933 2091 2994 secundum
2154 2939 2337 2994 natu-

2446 1943 2823 2026 ScripturaS‚
2876 1951 2939 2006 et
2984 1944 3135 2006 mali
3183 1944 3519 2008 Christiani
3575 1963 3690 2027 per
3738 1944 3939 2007 fidem

2445 2041 2808 2118 informem,
2842 2051 3234 2124 agnoverunt
3275 2044 3505 2125 Deum;
3536 2052 3749 2107 tamen
3804 2044 3945 2127 phi-

2446 2141 2695 2224 losophi
2754 2160 2880 2204 non
2939 2151 3370 2224 cognoverunt
3415 2142 3659 2206 Patrem
3722 2161 3945 2206 secun-

2445 2242 2597 2303 dum
2642 2241 3093 2323 proprietatem
3137 2242 3531 2323 paternitatis
3578 2250 3642 2304 et
3692 2243 3947 2305 relatio-

2446 2357 2593 2400 nem
2643 2339 2899 2415 realem,
2934 2357 3145 2422 neque
3189 2340 3408 2415 Judaei,
3443 2341 3564 2403 nisi
3613 2340 3777 2404 forte
3828 2360 3945 2424 per

2448 2437 2641 2500 fidem
2694 2438 3092 2520 implicitam.
3126 2439 3383 2514 Tamen,
3420 2447 3487 2502 ut
3534 2439 3775 2502 dictum
3818 2449 3936 2514 est,

2442 2537 2769 2619 Prophetae
2796 2544 2862 2598 et
2888 2537 3083 2618 aliqui
3127 2538 3502 2601 eruditiores
3534 2539 3598 2600 in
3639 2539 3799 2620 lege,
3834 2540 3945 2601 ha—

2444 2636 2724 2698 buerunt
2770 2635 3059 2698 notitiam
3110 2635 3450 2698 Trinitatis.
3490 2636 3630 2699 Mali
3680 2655 3943 2719 quoque

2444 2735 2806 2809 Christiani,
2840 2735 2988 2796 licet
3030 2743 3371 2815 agnoscant
3414 2735 3657 2798 Patrem
3708 2745 3771 2798 et
3809 2736 3943 2798 Tri-

2444 2834 2706 2896 nitatem
2757 2851 2870 2916 per
2916 2832 3110 2895 fidem
3156 2833 3517 2910 informem,
3552 2854 3677 2899 non
3726 2843 3939 2898 tamen

2444 2933 2682 2995 habent
2710 2934 2789 2994 de
2827 2951 2901 2995 eo
2940 2933 3363 3014 cognitionem
3402 2932 3760 3008 formatam,
3796 2953 3941 3016 quae

839 3051 974 3094 ram
1042 3031 1344 3106 divinam,
1408 3039 1711 3113 tanquam
1773 3031 1891 3093 tibi
1953 3031 2336 3093 aeternaliter
2372 3031 2415 3094 C
2448 3031 2794 3113 requiritur
2834 3032 2911 3093 ad
2962 3031 3249 3118 salutem.
3286 3035 3422 3110 qu
3460 3043 3675 3096 autem
3714 3053 3943 3112 coquo—

839 3131 1254 3193 subsistcnter
1284 3139 1659 3213 praesentem
1690 3137 1881 3212 atque
1913 3129 2329 3193 simillimum.

839 3230 1194 3292 Secundum
1245 3237 1534 3291 naturam
1579 3247 1728 3293 vero
1770 3229 2114 3291 humanam
2157 3229 2335 3292 Pater

838 3327 1062 3390 dilexit
1115 3327 1348 3389 Filium
1405 3327 1485 3388 ab
1533 3335 1790 3402 aeterno,
1845 3347 1970 3391 non
2031 3328 2214 3408 quasi
2264 3336 2336 3391 ut

838 3426 931 3488 sic
987 3425 1418 3500 exsistentem,
1471 3427 1580 3487 sed
1636 3426 1789 3507 quia
1848 3433 2138 3487 naturam
2192 3427 2333 3506 ejus

839 3524 1179 3587 humanam
1237 3525 1313 3586 ad
1363 3532 1601 3586 tantam
1659 3524 2116 3587 beatitudinem
2178 3544 2335 3607 prae-

838 3624 1176 3699 ordinavit,
1241 3624 1457 3686 volens
1517 3623 1574 3684 ei
1634 3631 1877 3686 tantum
1937 3623 2202 3698 bonum,
2265 3632 2335 3686 ut

837 3721 1044 3786 Verbo
1093 3722 1383 3784 uniretur
1428 3740 1500 3783 ac
1544 3720 1865 3783 frueretur
1905 3741 1942 3783 a
1985 3740 2112 3784 suae
2164 3739 2335 3784 crea-

839 3820 1030 3883 tionis
1081 3819 1420 3902 principio.
1467 3818 1676 3894 Porro,
1729 3819 1782 3881 si
1835 3820 1953 3882 hoc
2001 3821 2172 3901 quod
2220 3820 2328 3894 ait,

838 3919 994 3992 Quia
1059 3919 1336 3982 dilexisti
1406 3937 1526 3994 me,
1597 3918 1948 4000 accipiatur
2014 3925 2082 3979 ut
2146 3938 2335 3981 causa

843 4018 1098 4101 proprie
1140 4018 1306 4080 dicta
1353 4017 1492 4098 ejus
1541 4019 1710 4098 quod
1763 4017 1943 4094 dixit,
1986 4017 2183 4090 Quam
2230 4019 2335 4079 de-

840 4116 988 4178 disti
1037 4116 1218 4190 mihi,
1264 4124 1414 4179 tunc
1463 4116 1655 4178 verba
1703 4116 2118 4198 praeInducta‚
2164 4116 2335 4178 vide-

842 4214 1010 4288 licet,
1067 4213 1143 4274 Ut
1198 4213 1454 4276 videant
1511 4213 1860 4275 claritatem
1919 4231 2149 4284 meam,
2207 4232 2333 4275 non
2364 4218 2413 4279 D
2448 4233 2560 4296 per
2591 4212 3093 4277 insufflationem
3122 4221 3187 4276 et
3216 4215 3543 4296 ignearum
3574 4216 3934 4297 linguarum
3985 4243 4181 4285 amn

2445 4312 2905 4394 apparitionem
2956 4312 3250 4376 infudero
3296 4315 3388 4375 eis
3434 4312 3742 4395 Spiritum
3788 4305 4193 4416 San-3²·4⁴“·⁸·

841 4319 1028 4376 erunt
1096 4311 1504 4392 intelligenda
1565 4313 1642 4374 de
1709 4311 1988 4375 increata
2053 4311 2335 4374 claritate

841 4411 1094 4477 Christi.
1139 4410 1308 4473 Hanc
1350 4409 1523 4472 enim
1566 4409 1743 4472 Pater
1787 4429 1912 4473 non
1961 4412 2134 4474 dedit
2180 4413 2335 4477 Filio

840 4511 923 4576 ob
977 4511 1095 4573 hoc
1147 4509 1300 4590 quia
1351 4508 1574 4571 dilexit
1631 4527 1778 4570 eum
1831 4516 1976 4571 ante
2025 4513 2335 4574 constitu-

841 4611 1076 4674 tionem
1128 4607 1372 4682 mundi,
1416 4607 1568 4689 quia
1618 4626 1743 4671 non
1783 4625 1860 4669 ex
1900 4609 2135 4689 praevia
2185 4611 2339 4672 dile-

841 4709 1070 4782 ctione,
1124 4708 1233 4769 sed
1281 4706 1550 4768 naturali
1605 4707 2024 4782 emanatione,
2077 4716 2338 4788 generat

841 4807 1095 4868 Filium.
1131 4804 1194 4866 Si
1237 4822 1385 4868 vero
1423 4805 1774 4886 accipiatur
1817 4812 1884 4866 ut
1927 4805 2203 4886 signum,
2248 4805 2340 4868 in-

842 4905 1042 4986 telligi
1095 4910 1360 4987 possunt
1401 4903 1591 4966 verba
1640 4903 1988 4984 praehabita
2038 4905 2115 4966 de
2156 4905 2339 4967 clari-

843 5012 969 5068 tate
1012 5002 1152 5065 Filii
1197 5003 1495 5064 increata.

925 5107 1124 5166 Pater
1138 5103 1342 5180 juste,
1373 5098 1515 5163 fons
1567 5099 1878 5162 universae
1923 5099 2211 5182 justitiae,
2248 5119 2343 5163 re-

844 5202 994 5283 gula
1040 5199 1373 5281 aequitatiS,
1415 5205 1606 5280 atque
1654 5214 1954 5260 mensura
2000 5199 2194 5261 totius
2245 5216 2343 5261 re-

581 5325 792 5375 P·.x.e.
849 5298 1198 5362 ctitudinis.
1229 5297 1442 5359 Iustus
1483 5297 1655 5358 enim
1698 5296 2025 5372 Dominus,
2060 5305 2123 5359 et
2157 5297 2342 5377 justi-

2445 3133 2513 3191 υἱ
2538 3141 2594 3191 te
2622 3130 3161 3213 comprehensive,
3188 3132 3536 3194 secundum
3567 3133 3745 3214 quod
3774 3132 3937 3195 Deus

2444 3248 2608 3291 sum.
2642 3228 2836 3292 Nemo
2872 3228 3043 3291 enim
3084 3230 3264 3292 novit
3298 3229 3529 3294 Filium
3572 3231 3697 3293 nisi
3729 3231 3931 3305 Pater,
3966 3248 4205 3352 gratnm
4268 3259 4270 3308 l

2444 3345 2653 3410 neque
2698 3327 2941 3391 Patrem
2992 3328 3113 3390 nisi
3166 3327 3381 3392 Filius.
3420 3329 3693 3412 Cognovi
3742 3313 3991 3394 etiam²

2442 3433 2525 3502 te,
2579 3428 2929 3489 secundum
2988 3433 3277 3490 naturam
3324 3437 3739 3511 assumptam,
3790 3431 3940 3492 bea-

2444 3524 2621 3588 tifica
2662 3526 2907 3588 visione
2947 3525 3027 3588 ab
3072 3525 3254 3589 initio
3295 3527 3768 3591 incarnationis.

2538 3629 2619 3686 Et
2666 3626 2739 3684 Izi
2784 3623 3067 3706 Apostoli
3116 3637 3547 3701 coynoverunt
3589 3626 3723 3707 jam
3774 3630 3934 3708 quia

2447 3733 2516 3784 tu
2562 3743 2663 3796 ⁸me
2704 3724 2965 3793 misisti,
3009 3721 3073 3784 id
3121 3729 3240 3797 est,
3282 3722 3348 3785 in
3400 3724 3572 3786 hunc
3618 3726 3933 3788 mundum

2446 3820 2753 3884 direxisti.
2790 3824 2874 3883 Ec
2915 3830 3141 3882 notum
3180 3823 3311 3898 feci
3346 3825 3437 3883 eis
3474 3843 3706 3885 nomen
3750 3835 3935 3886 tuum

2446 3938 2560 4002 per
2590 3919 2807 3992 fidem,
2842 3919 3127 3982 docendo
3167 3937 3274 3982 eos
3311 3921 3481 4001 quod
3520 3928 3587 3982 tu
3628 3923 3718 3984 sis
3758 3922 3936 3986 Pater

2442 4028 2717 4082 aeternus
2750 4036 2787 4079 a
2821 4036 2951 4098 quo
2990 4017 3195 4097 exivi3
3226 4029 3287 4078 et
3314 4029 3538 4081 notum
3563 4022 3815 4097 faciam
3842 4023 3933 4084 eis

2444 4133 2676 4179 nomen
2726 4123 2909 4176 tuum
2953 4123 3096 4197 post
3142 4118 3693 4192 resurrectionem,
3732 4137 3935 4200 quum

2448 4420 2641 4486 ctum,
2674 4413 2753 4474 ad
2792 4410 3274 4492 intelligendum
3308 4412 3661 4494 Scripturas
3698 4433 3775 4476 ac
3804 4435 3937 4498 my-

2447 4509 2713 4572 sterium
2775 4509 3152 4590 Trinitatis;
3210 4510 3559 4572 clarissime
3616 4529 3769 4576 vero
3822 4531 3933 4575 seu

2451 4627 2564 4690 per
2612 4609 2889 4690 speciem
2939 4607 3283 4672 notificabo
3331 4616 3393 4671 te
3438 4610 3552 4685 eiS,
3604 4629 3807 4691 quum
3858 4612 3933 4673 ad

2448 4707 2716 4789 patriam
2749 4708 3197 4788 perducentur,
3222 4707 3331 4769 ubi
3361 4708 3575 4770 omnia
3604 4709 3939 4772 intuebun-

2448 4813 2551 4867 tur
2600 4805 2665 4867 in
2714 4805 2941 4868 Verbo.
2994 4805 3084 4867 lbi
3144 4806 3318 4868 enim
3374 4806 3677 4887 quaelibet
3725 4809 3939 4872 divina

2448 4904 2720 4966 Persona
2762 4921 2829 4965 se
2871 4903 3075 4986 ipsam
3113 4911 3175 4966 et
3217 4905 3495 4985 singulas
3539 4904 3831 4970 notificat
3858 4907 3939 4970 fa-

2450 5002 2546 5064 cie
2596 5003 2674 5064 ad
2725 5000 2951 5064 faciem
3010 5001 3274 5064 cuilibet
3324 5002 3679 5066 Beatorum.
3732 5004 3937 5068 Nihilo

2451 5101 2666 5163 minus
2714 5100 3064 5164 notificatio
3115 5101 3223 5164 illa
3264 5101 3712 5184 appropriatur
3760 5103 3933 5178 Filio,

2449 5218 2653 5280 quum
2695 5199 2832 5281 ipse
2874 5200 2956 5261 sit
2995 5199 3225 5263 veritas
3274 5207 3336 5263 et
3376 5201 3687 5282 sapientia
3722 5203 3933 5265 Patris.

2450 5296 2626 5359 Unde
2682 5296 2849 5359 Beati
2906 5305 3279 5361 asseruntur
3325 5306 3552 5361 cuncta
3603 5300 3821 5364 videre
3874 5301 3933 5363 in

3364 1351 3474 1414 Hic
3532 1352 3812 1414 mundus
3871 1351 3937 1411 in
4024 1377 4187 1418 amu.

3990 1501 4215 1550 Uenus,
4262 1539 4264 1542 Α
