4300 6259
1127 487 1480 536 mam-rio
1521 487 1585 534 m
1626 487 1764 534 car.
1811 485 1919 532 xix
1961 485 2148 534 Luca.
2195 505 2277 516 -
2316 487 2458 532 aar.
2506 485 2627 532 xm
3306 465 3423 533 163

328 674 432 718 um
478 657 716 720 dicitur
743 658 938 721 vestis
978 677 1104 741 qua
1145 659 1341 723 facies
1380 679 1416 723 a
1454 659 1682 722 sudore
1721 659 1829 721 de—
1854 655 1905 717 A
1933 658 2020 721 ait
2067 657 2413 741 Scriptura,
2462 657 2552 721 Ex
2602 657 2815 722 verbis
2863 655 2988 720 tuis
3034 656 3425 738 justificabe-
3462 672 3714 725 mamam,

325 755 606 836 tergitur,
635 757 736 819 vel
769 763 1166 820 mortuorum
1197 776 1462 840 corpora
1491 757 1828 821 involvun-
1934 756 2044 831 ria,
2069 763 2133 818 et
2162 774 2238 819 ex
2271 755 2482 820 verbis
2518 755 2646 817 tuis
2678 754 3221 819 condemnaberis,
3248 754 3423 818 Unde
3452 739 3521 780 ³⁷·

1935 855 2001 916 in
2039 854 2152 918 Job
2198 855 2428 936 legitur
2461 873 2474 918 :
2508 853 2586 916 Os
2626 861 2807 915 tuum
2857 852 3301 917 condemnabit
3337 860 3421 929 te,
3464 870 3549 915 101>
3568 883 3638 921 xv.
3660 871 3702 912 ⁶.

81 1269 108 1314 ll
118 1269 194 1314 cor.
209 1284 254 1322 vi,
267 1273 300 1313 ¹.

109 1457 231 1502 1752.
241 1471 292 1510 ιν,

79 1524 130 1564 14.

144 1577 203 1632 21

71 4039 300 4095 (hunino.

327 859 449 913 tur.
485 852 602 915 Per
639 855 760 916 hoc
801 872 950 935 ergo
990 857 1161 936 quod
1203 855 1357 919 dicit
1399 873 1468 918 se
1505 873 1718 918 mnam
1759 855 1824 915 in

325 951 583 1015 sudario
642 952 954 1034 posuisse,
1007 953 1294 1034 signatur
1339 954 1510 1035 quod
1559 972 1594 1015 a
1641 952 1826 1016 bonis

325 1049 630 1130 operibus
679 1057 929 1114 mortua
977 1050 1122 1126 suit,
1173 1051 1273 1115 vel
1326 1059 1585 1134 propter
1632 1051 1824 1115 vitam

327 1149 650 1210 carnalem
700 1167 817 1211 nec
867 1150 990 1213 sibi
1041 1168 1160 1213 nec
1207 1150 1350 1212 aliis
1400 1149 1659 1232 profuit.
1697 1149 1827 1222 Quo

327 1255 548 1309 contra
579 1247 734 1310 dicit
753 1249 1092 1331 Apostolus
1113 1268 1126 1312 :
1148 1248 1485 1312 Hortamur
1509 1267 1620 1312 vos
1651 1266 1732 1310 ne
1761 1248 1827 1310 in

328 1364 606 1408 vacuum
645 1347 914 1426 gratiam
956 1347 1067 1409 Dei
1111 1347 1471 1430 recipiatis;
1519 1347 1826 1429 itemque,

325 1442 464 1506 Noli
508 1443 830 1525 negligere
867 1444 1134 1525 gratiam
1170 1444 1278 1507 Dei
1319 1463 1464 1526 quae
1503 1444 1568 1505 in
1610 1451 1670 1506 te
1708 1451 1823 1506 est.

333 1543 560 1602 Timui
594 1543 773 1603 enim
814 1551 892 1603 ce.
926 1540 990 1603 Si
1042 1559 1190 1605 vere
1238 1541 1558 1612 timuisset
1603 1542 1830 1604 timore

325 1637 538 1713 filiali,
573 1639 835 1702 vitasset
881 1647 1140 1722 peccata
1186 1657 1401 1703 amore
1447 1639 1730 1721 justitiae,
1769 1646 1831 1702 et

323 1755 404 1800 ne
437 1737 546 1800 Dei
577 1737 888 1802 offensam
921 1739 1301 1816 incurreret;
1325 1738 1379 1800 si
1411 1755 1559 1801 vero
1590 1738 1830 1800 timuis-

1937 962 1999 1016 et
2056 972 2184 1016 non
2240 971 2390 1033 eg03
2445 960 2508 1015 et
2565 952 2733 1014 labia
2786 958 2895 1014 tua
2954 952 3430 1034 respondebunt

1935 1050 2076 1113 tibi.
2113 1053 2309 1112 Serve
2348 1071 2650 1130 nequam,
2692 1049 2845 1131 quia
2878 1048 3320 1112 fraudulentus
3360 1050 3428 1112 in

1939 1147 2275 1212 Dominum
2333 1155 2537 1222 tuum,
2590 1155 2653 1210 et
2711 1148 2769 1210 ei
2830 1147 3213 1210 calumniam
3274 1148 3433 1211 irro-

1935 1265 2112 1328 ganS,
2148 1245 2328 1328 piger
2367 1246 2447 1308 ad
2489 1245 2655 1308 bene
2695 1246 3033 1326 agendum,
3070 1264 3309 1328 pronus
3353 1246 3431 1308 ad

1939 1343 2136 1426 impie
2193 1344 2643 1418 accusandum,
2699 1350 3033 1425 protervus
3088 1344 3167 1406 ad
3216 1360 3433 1405 emen-

1941 1442 2241 1504 dandum.
2278 1441 2494 1523 ltaque
2544 1443 2716 1522 quod
2765 1461 2879 1524 pro
2931 1440 3030 1504 sui
3082 1442 3434 1505 excusatio-

1939 1559 2019 1602 ne
2059 1557 2126 1602 se
2168 1547 2314 1622 apte
2352 1539 2589 1602 dixisse
2638 1539 2906 1622 putavit,
2941 1539 3209 1603 vertitur
3246 1540 3303 1602 ei
3352 1541 3429 1602 ad

1939 1637 2144 1720 culpae
2191 1644 2625 1718 augmentum.
2677 1637 2821 1700 Ideo
2867 1637 3123 1718 grandis
3174 1636 3429 1700 fatuitas

1940 1744 2035 1798 est
2073 1736 2331 1818 propria
2368 1753 2671 1799 excusare
2721 1743 2997 1818 peccata,
3040 1735 3192 1817 quia
3230 1743 3302 1797 ut
3344 1737 3434 1799 ait

322 1844 418 1898 set
463 1836 666 1899 Deum
717 1837 947 1901 timore
1005 1836 1245 1912 servili,
1300 1837 1559 1900 vitasset
1606 1837 1828 1898 saltem
1865 1839 1912 1902 B
1939 1834 2316 1910 BernarduS,
2364 1835 2429 1896 in
2479 1834 2757 1897 animam
2805 1853 2981 1896 suam
3034 1841 3271 1915 peccat,
3316 1835 3431 1916 qui

321 1935 796 2015 quodammodo
825 1935 1118 2016 quaedam
1151 1942 1406 2018 peccata
1441 1933 1668 1998 timore
1700 1953 1832 2017 ρω-

322 2051 576 2094 narum.
629 2032 840 2096 Potest
891 2039 1107 2095 tamen
1166 2032 1272 2094 hie
1322 2032 1512 2096 timor
1558 2032 1829 2114 intelligi

321 2130 823 2212 pusillanimitas
882 2130 1046 2193 bene
1093 2131 1343 2211 agendi,
1395 2150 1521 2213 qua
1566 2131 1826 2212 quidam

321 2229 743 2291 retrahuntur
778 2248 816 2290 a
852 2228 1040 2292 bonis
1079 2228 1406 2310 operibus.
1442 2231 1611 2298 Quia
1644 2230 1829 2290 homo

320 2336 626 2388 austerus
669 2348 754 2388 es.
807 2326 1094 2390 Christus
1143 2344 1421 2409 namque
1471 2327 1540 2389 in
1586 2327 1828 2409 judicio

325 2425 636 2488 terribilis
684 2425 808 2487 erit
857 2433 921 2487 et
969 2425 1310 2506 rigorosus.
1343 2423 1524 2488 Nunc
1571 2444 1829 2507 quoque

321 2524 485 2606 ipse,
542 2523 657 2605 qui
717 2523 783 2586 in
835 2541 904 2587 se
949 2523 1092 2606 ipso
1142 2524 1287 2606 pius
1345 2531 1407 2586 et
1455 2523 1660 2586 dulcis
1709 2531 1824 2599 est,

321 2622 714 2704 quibusdam
766 2621 1088 2704 perversis
1129 2621 1380 2684 videtur
1412 2630 1725 2696 austerus,
1761 2622 1828 2684 in

319 2727 640 2803 quantum
695 2719 988 2802 praecipit
1027 2737 1172 2800 quae
1213 2719 1306 2781 eis
1351 2719 1508 2781 dura
1546 2737 1658 2781 seu
1708 2719 1831 2782 dif-

319 2818 528 2882 ficilia
575 2825 889 2900 apparent
924 2835 1000 2879 ac
1035 2816 1400 2899 displicent,
1435 2835 1637 2898 eaque
1687 2837 1829 2900 pro-

320 2917 507 2980 hibet
540 2935 686 2998 quae
721 2916 814 2978 eis
849 2915 1249 2978 delectabilia
1284 2922 1532 2978 exstant
1565 2923 1628 2977 et
1661 2935 1831 2979 com-

1940 1951 2007 1994 se
2038 1933 2251 2014 ipsum
2284 1940 2563 2008 excusat,
2596 1941 2899 2014 tanquam
2930 1951 2966 1994 a
2995 1949 3063 1994 se
3101 1932 3434 2013 indulgen-

1938 2033 2041 2094 tiae
2082 2031 2465 2094 medicinam
2505 2031 2842 2114 repellenS,
2880 2036 2944 2093 et
2981 2031 3177 2096 vitam
3217 2032 3435 2112 gratiae

1939 2130 2062 2193 sibi
2110 2147 2220 2193 ore
2271 2130 2529 2212 proprio
2578 2130 3032 2192 intercludens.
3066 2128 3213 2202 Quae
3260 2130 3433 2193 enim

1940 2229 2141 2310 major
2199 2228 2505 2310 nequitia,
2567 2228 2697 2291 imo
2760 2235 2822 2290 et
2885 2227 3087 2309 major
3143 2229 3429 2304 stultitia,

1937 2345 2129 2409 quam
2190 2334 2408 2390 contra
2466 2326 2787 2408 propriam
2849 2325 3081 2389 armari
3140 2326 3430 2403 salutem,

1938 2436 2001 2490 et
2046 2427 2281 2507 linguae
2328 2443 2634 2488 mucrone
2676 2426 3091 2509 semetipsum
3139 2426 3436 2491 confode—

1939 2528 2050 2588 re?
2081 2525 2224 2589 Ideo
2255 2531 2389 2588 orat
2428 2523 2757 2587 Psalmista
2789 2542 2803 2588 :
2836 2523 2971 2589 Non
3008 2525 3287 2588 declines
3326 2545 3434 2590 cor
3474 2544 3719 2597 Ps.cn.‚4.

1938 2641 2155 2686 meum
2187 2623 2253 2685 in
2284 2622 2477 2686 verba
2515 2621 2775 2686 malitiae
2801 2623 2879 2685 ad
2908 2624 3298 2687 excusandas
3328 2641 3435 2687 ex-

1938 2723 2294 2787 cusationes
2336 2721 2401 2784 in
2444 2722 2740 2804 peccatis.
2776 2721 3047 2802 Agamus
3087 2739 3235 2802 ergo
3261 2724 3431 2804 quod

1938 2828 2195 2884 sanctus
2236 2820 2349 2885 Job
2397 2820 2484 2882 ait
2518 2838 2531 2882 :
2566 2818 2709 2882 Vias
2758 2836 2928 2881 meas
2975 2819 3041 2880 in
3088 2827 3431 2903 conspectu
3472 2840 3723 2892 abnuas,

1940 2920 2046 2981 Dei
2099 2937 2380 3000 arguam,
2435 2924 2498 2979 et
2548 2917 2689 3001 ipse
2734 2917 2857 2978 erit
2904 2917 3177 2981 salvator
3226 2936 3428 2981 meus.

325 3016 607 3099 placent.
641 3017 837 3077 Tollis
867 3017 1040 3096 quod
1071 3033 1204 3075 non
1227 3015 1530 3092 posuisti,
1561 3015 1682 3078 hoc
1709 3023 1826 3090 est,
1867 3018 1911 3082 C
2019 3019 2278 3080 Sciebas
2325 3017 2499 3096 quod
2539 3034 2649 3093 eqo
2692 3017 2875 3076 homo
2923 3025 3217 3078 austerus
3261 3037 3431 3087 sum,

325 3115 476 3197 plus
535 3112 815 3195 requiris
871 3131 1068 3194 quam
1124 3112 1489 3193 contulisti3
1537 3123 1598 3174 et
1644 3115 1830 3175 metis

325 3215 502 3294 quod
541 3231 674 3273 non
715 3211 1076 3283 seminasti,
1116 3210 1238 3273 hoe
1279 3217 1396 3284 est,
1428 3210 1546 3273 tibi
1593 3211 1832 3273 adscri-

325 3310 428 3372 bis
479 3318 545 3372 et
591 3308 869 3372 adscribi
927 3308 1204 3390 requiris
1257 3308 1428 3390 quod
1487 3309 1834 3390 personali-

325 3416 425 3471 ter
454 3427 588 3472 non
626 3405 926 3470 effecisti.
958 3406 1088 3470 Hoc
1121 3424 1346 3470 servus
1388 3406 1650 3488 iniquus
1689 3408 1831 3472 ideo

325 3508 508 3582 dicit,
557 3506 868 3588 quoniam
914 3505 1202 3569 Christus
1259 3506 1338 3568 de
1386 3505 1568 3569 donis
1614 3507 1832 3587 gratiae

325 3625 474 3688 quae
505 3604 786 3680 donavit,
821 3604 1152 3686 spirituale
1181 3603 1454 3679 lucrum,
1489 3611 1560 3666 ut
1588 3605 1831 3668 dictum

326 3713 444 3779 est,
499 3702 721 3784 exigit,
775 3709 1108 3783 totumque
1163 3701 1407 3765 bonum
1458 3703 1630 3783 quod
1681 3722 1834 3785 ope-

325 3810 509 3864 ratur
558 3801 752 3864 bomo
803 3818 918 3880 per
960 3799 1226 3881 gratiam
1275 3799 1438 3880 ejuS,
1485 3800 1609 3862 sibi
1659 3802 1834 3883 prin-

233 3932 299 3969 ιν,
327 3899 629 3982 cipaliter
668 3896 852 3978 jubet
898 3896 1196 3972 adscribi,
1231 3897 1449 3960 dicens
1482 3916 1496 3960 ε
1539 3897 1688 3962 Sine
1729 3918 1832 3962 me

328 3997 498 4060 nibil
549 3995 818 4080 potestis
861 3994 1092 4058 facere.
1143 3994 1220 4057 Et
1266 4013 1380 4078 per
1426 3995 1581 4058 Osee
1628 4015 1642 4060 :
1690 3997 1835 4060 Per-

329 4097 492 4160 ditio
543 4102 654 4158 tua
699 4112 777 4157 ex
826 4101 924 4174 te;
975 4095 1042 4156 in
1092 4111 1196 4156 me
1239 4096 1680 4159 tantummodo
1724 4116 1835 4158 au-

1944 3118 2169 3177 tollens
2214 3117 2384 3194 quod
2430 3133 2562 3174 non
2604 3115 2825 3192 posui,
2872 3123 2931 3174 et
2978 3123 3215 3175 metens
3264 3117 3436 3196 quod

1940 3233 2070 3274 non
2098 3213 2421 3274 seminavi
2439 3233 2461 3272 .·
2484 3212 2602 3276 hoc
2634 3218 2742 3283 est,
2764 3211 2815 3272 si
2847 3212 3081 3273 durum
3112 3220 3177 3274 et
3208 3212 3437 3293 rigoro-

1941 3331 2084 3373 sum
2123 3328 2226 3373 me
2268 3327 2557 3385 noveras,
2589 3327 2788 3392 quare
2830 3309 3107 3390 cognitio
3146 3311 3264 3372 ista
3308 3330 3431 3375 non

1942 3407 2195 3471 induxit
2248 3415 2309 3469 te
2366 3409 2443 3470 ad
2502 3407 2859 3470 timoratius
2916 3406 3434 3490 fructuosiusque

1942 3507 2309 3581 vivendum,
2343 3507 2723 3569 attendendo
2769 3506 2943 3587 quod
2984 3523 3125 3568 mea
3170 3507 3435 3588 diligen—

1939 3606 2066 3668 tius
2115 3623 2323 3666 essem
2371 3607 2750 3666 exacturus?
2796 3614 2857 3665 et
2902 3624 3107 3686 quare
3150 3625 3281 3666 non
3326 3608 3435 3666 de-

1939 3704 2098 3764 disti
2119 3704 2470 3781 pecuniam
2500 3722 2708 3766 meam
2736 3705 2823 3762 ad
2855 3722 3141 3764 mensam
3162 3704 3192 3762 ?
3215 3702 3279 3764 id
3310 3709 3426 3779 est,

1941 3822 2056 3865 cur
2112 3802 2349 3864 donum
2410 3801 2627 3881 gratiae
2686 3799 2803 3861 tibi
2863 3818 3238 3863 concessum
3302 3820 3430 3865 non

1942 3899 2298 3982 expendisti
2334 3899 2410 3962 ad
2446 3897 2718 3961 aliorum
2756 3897 3154 3980 spiritualem
3191 3898 3435 3962 refecti·

1943 4017 2152 4074 onem,
2195 3997 2701 4070 instructionem,
2746 4014 2858 4059 seu
2905 3995 3433 4061 aedificationem?

1943 4108 2002 4160 et
2028 4117 2139 4174 eye
2170 4097 2430 4157 veniens
2466 4096 2543 4157 ad
2581 4094 2897 4176 judicium
2937 4094 3296 4160 universale
3334 4097 3435 4161 vel

329 4194 566 4258 xiiium
637 4198 843 4254 tuum.
907 4190 1052 4253 Haec
1113 4198 1326 4253 autem
1380 4190 1664 4254 Christus
1729 4193 1834 4275 ju·
1867 4201 1916 4262 D
1945 4194 2345 4278 particulare,
2380 4193 2445 4255 id
2492 4200 2607 4268 est,
2650 4211 2765 4275 per
2810 4201 3023 4256 actum
3068 4193 3435 4275 judicialem

327 4292 619 4355 stissime
665 4289 840 4365 facit,
873 4289 1027 4370 quia
1067 4290 1146 4352 ad
1191 4290 1308 4352 boc
1353 4289 1536 4353 nobis
1581 4290 1834 4354 habitus

326 4392 653 4455 donorum
698 4397 893 4470 atque
937 4388 1246 4452 virtutum
1288 4388 1574 4469 largitur,
1610 4397 1680 4452 ut
1722 4409 1837 4472 per

327 4507 438 4553 eos
485 4489 911 4572 procedamus
953 4487 1019 4549 in
1059 4493 1307 4568 actum3
1341 4505 1460 4549 nec
1497 4487 1590 4550 sic
1631 4495 1833 4552 totum

328 4588 456 4652 sibi
521 4585 836 4660 attribuit,
886 4585 1046 4666 quin
1093 4603 1287 4667 opera
1341 4584 1509 4648 bona
1566 4585 1838 4669 imputet

329 4685 530 4750 nobis
576 4685 655 4747 ad
701 4683 1024 4758 meritum,
1061 4691 1124 4747 et
1174 4703 1290 4766 pro
1339 4684 1432 4746 eis
1480 4685 1841 4767 copiosissi-

327 4803 520 4847 mum
567 4781 850 4847 conferat
894 4782 1252 4864 praemium,
1286 4800 1700 4846 remunerans
1745 4783 1840 4846 ul-

331 4892 430 4946 tra
472 4881 890 4962 condignum.

413 4981 602 5042 Dicit
644 4981 708 5040 ei
747 4978 946 5042 Judex
981 4996 994 5041 :
1027 4981 1124 5042 De
1167 4997 1273 5040 ore
1309 4978 1439 5060 (vel
1488 4979 1841 5042 secundum

334 5079 677 5161 quosdam,
713 5080 823 5140 Em
858 5077 994 5158 ore)
1024 5087 1132 5140 tuo
1179 5087 1236 5140 te
1259 5078 1523 5156 judice,
1553 5077 1674 5141 hoc
1721 5085 1838 5155 est,

333 5196 414 5240 ex
456 5175 741 5260 propriis
773 5175 988 5238 verbis
1024 5175 1152 5238 tuis
1188 5175 1320 5257 iam
1359 5182 1577 5240 contra
1605 5193 1709 5238 me
1748 5175 1844 5238 di-

1946 4302 2006 4356 te
2065 4292 2351 4367 visitanS,
2403 4283 2549 4353 eum
2598 4293 2816 4353 usuris
2868 4293 3114 4371 utique,
3167 4292 3286 4356 hoc
3342 4301 3439 4356 est

1947 4389 2387 4475 spiritualibus
2435 4390 2650 4464 lucriS,
2694 4388 3107 4471 profectibus,
3148 4407 3261 4452 seu
3308 4408 3439 4453 me-

1949 4489 2087 4551 ritis
2125 4489 2221 4551 tui
2262 4488 2465 4571 ipsius
2494 4489 2595 4553 vel
2632 4488 2892 4550 alterius
2922 4488 3034 4570 qui
3076 4506 3153 4551 ex
3190 4495 3253 4550 te
3290 4488 3440 4551 aedi-

1947 4588 2177 4652 ficatus
2207 4595 2304 4650 est
2340 4605 2452 4649 seu
2485 4586 2772 4669 profecit,
2803 4588 3147 4664 eoeeyissem
3174 4607 3339 4660 eam,
3372 4587 3437 4649 id

1949 4693 2064 4760 est,
2099 4685 2407 4749 rationem
2449 4686 2527 4747 de
2564 4702 2637 4746 ea
2672 4684 3065 4765 quaesissem,
3098 4691 3161 4746 et
3191 4683 3438 4766 praemi-

1947 4803 2058 4846 um
2087 4783 2513 4846 contulissem.
2547 4780 2677 4846 Hoc
2704 4781 2877 4844 enim
2907 4781 3101 4863 exigit
3130 4781 3433 4859 ChristuS,

1949 4890 2020 4944 ut
2075 4883 2155 4945 de
2209 4880 2395 4944 bonis
2451 4898 2597 4962 quae
2654 4879 2967 4962 praestitit,
3024 4878 3438 4962 proficiamus

1949 4978 2133 5042 nobis
2183 4977 2340 5061 ipsis
2380 4996 2454 5040 ac
2491 4977 2654 5038 aliis.
2687 4975 2803 5039 Per
2838 4977 3014 5040 hunc
3050 4995 3303 5043 servum
3343 4979 3441 5042 in-

1949 5075 2325 5156 telliguntur
2372 5073 2759 5154 negligentes
2807 5082 3082 5137 rectores
3129 5082 3192 5136 et
3236 5074 3442 5138 infru-

1951 5173 2155 5238 ctuosi
2214 5173 2519 5248 doctores,
2580 5171 2969 5254 inutilesque
3026 5172 3274 5249 fideleS,
3326 5173 3439 5255 qui

334 5276 460 5338 ctis
492 5283 554 5338 te
583 5273 878 5357 reprobe,
914 5291 1224 5356 reumque
1252 5273 1598 5356 comprobo
1631 5292 1644 5337 :
1679 5273 1846 5337 sicut
1955 5291 2074 5336 nec
2121 5271 2246 5335 sibi
2296 5289 2414 5335 nec
2458 5271 2601 5334 aliis
2648 5278 2800 5334 sunt
2838 5269 3064 5335 fideles
3104 5289 3179 5334 ac
3225 5271 3437 5352 utiles,

3462 2904 3529 2946 10.

3564 3607 3637 3664 23
