<?xml version="1.0" encoding="UTF-8"?>
<!DOCTYPE html PUBLIC "-//W3C//DTD XHTML 1.0 Transitional//EN"
    "http://www.w3.org/TR/xhtml1/DTD/xhtml1-transitional.dtd">
<html xmlns="http://www.w3.org/1999/xhtml" xml:lang="en" lang="en">
 <head>
  <title>
</title>
<meta http-equiv="Content-Type" content="text/html;charset=utf-8" />
  <meta name='ocr-system' content='tesseract 3.04.00' />
  <meta name='ocr-capabilities' content='ocr_page ocr_carea ocr_par ocr_line ocrx_word'/>
</head>
<body>
  <div class='ocr_page' id='page_1' title='image "./doctorisecstati09unkngoog_0409.png"; bbox 0 0 4300 6259; ppageno 0'>
   <div class='ocr_carea' id='block_1_1' title="bbox 62 1163 317 1268">
    <p class='ocr_par' dir='ltr' id='par_1_1' title="bbox 62 1163 317 1268">
     <span class='ocr_line' id='line_1_1' title="bbox 62 1163 317 1268; baseline 0.004 -62"><span class='ocrx_word' id='word_1_1' title='bbox 62 1163 99 1268; x_wconf 44' lang='grc' dir='ltr'><strong>’ξ</strong></span> <span class='ocrx_word' id='word_1_2' title='bbox 116 1164 219 1206; x_wconf 80' lang='lat' dir='ltr'><strong>Cor.</strong></span> <span class='ocrx_word' id='word_1_3' title='bbox 238 1177 317 1214; x_wconf 74' lang='grc' dir='ltr'><strong>ιιι.</strong></span> 
     </span>
    </p>
   </div>
   <div class='ocr_carea' id='block_1_2' title="bbox 60 1557 319 1612">
    <p class='ocr_par' dir='ltr' id='par_1_2' title="bbox 60 1557 319 1612">
     <span class='ocr_line' id='line_1_2' title="bbox 60 1557 319 1612; baseline 0.008 -13"><span class='ocrx_word' id='word_1_4' title='bbox 60 1557 319 1612; x_wconf 57' lang='lat' dir='ltr'><strong>Ephe-nli,</strong></span> 
     </span>
    </p>
   </div>
   <div class='ocr_carea' id='block_1_3' title="bbox 72 2157 301 2201">
    <p class='ocr_par' dir='ltr' id='par_1_3' title="bbox 72 2157 301 2201">
     <span class='ocr_line' id='line_1_3' title="bbox 72 2157 301 2201; baseline -0.004 0"><span class='ocrx_word' id='word_1_5' title='bbox 72 2157 136 2201; x_wconf 67' lang='lat' dir='ltr'><strong>Pe.</strong></span> <span class='ocrx_word' id='word_1_6' title='bbox 150 2173 301 2201; x_wconf 75' lang='lat' dir='ltr'><strong>univ</strong></span> 
     </span>
    </p>
   </div>
   <div class='ocr_carea' id='block_1_4' title="bbox 62 2641 319 2692">
    <p class='ocr_par' dir='ltr' id='par_1_4' title="bbox 62 2641 319 2692">
     <span class='ocr_line' id='line_1_4' title="bbox 62 2641 319 2692; baseline 0.004 -8"><span class='ocrx_word' id='word_1_7' title='bbox 62 2641 167 2684; x_wconf 72' lang='lat' dir='ltr'><strong>02oe</strong></span> <span class='ocrx_word' id='word_1_8' title='bbox 183 2657 227 2692; x_wconf 84' lang='lat' dir='ltr'><strong>u,</strong></span> <span class='ocrx_word' id='word_1_9' title='bbox 252 2645 319 2686; x_wconf 71' lang='grc'><strong>14.</strong></span> 
     </span>
    </p>
   </div>
   <div class='ocr_carea' id='block_1_5' title="bbox 86 3533 321 3585">
    <p class='ocr_par' dir='ltr' id='par_1_5' title="bbox 86 3533 321 3585">
     <span class='ocr_line' id='line_1_5' title="bbox 86 3533 321 3585; baseline 0 -9"><span class='ocrx_word' id='word_1_10' title='bbox 86 3533 161 3576; x_wconf 68' lang='lat' dir='ltr'><strong>seb</strong></span> <span class='ocrx_word' id='word_1_11' title='bbox 178 3548 234 3585; x_wconf 75' lang='grc' dir='ltr'><strong>ιι,</strong></span> <span class='ocrx_word' id='word_1_12' title='bbox 252 3537 321 3576; x_wconf 79' lang='grc' dir='ltr'><strong>Η.</strong></span> 
     </span>
    </p>
   </div>
   <div class='ocr_carea' id='block_1_6' title="bbox 1147 493 2686 543">
    <p class='ocr_par' dir='ltr' id='par_1_6' title="bbox 1147 493 2686 543">
     <span class='ocr_line' id='line_1_6' title="bbox 1147 493 2686 543; baseline 0.002 -3"><span class='ocrx_word' id='word_1_13' title='bbox 1147 493 1502 542; x_wconf 63' lang='lat' dir='ltr'><strong>malumno</strong></span> <span class='ocrx_word' id='word_1_14' title='bbox 1544 495 1608 540; x_wconf 83' lang='lat' dir='ltr'><strong>IN</strong></span> <span class='ocrx_word' id='word_1_15' title='bbox 1649 494 1789 542; x_wconf 76' lang='lat' dir='ltr'><strong>cAP.</strong></span> <span class='ocrx_word' id='word_1_16' title='bbox 1836 493 1903 540; x_wconf 86' lang='lat'><strong>111</strong></span> <span class='ocrx_word' id='word_1_17' title='bbox 1944 495 2222 542; x_wconf 66' lang='lat' dir='ltr'><strong>mamus.</strong></span> <span class='ocrx_word' id='word_1_18' title='bbox 2269 515 2350 526; x_wconf 93' lang='lat'><strong>--</strong></span> <span class='ocrx_word' id='word_1_19' title='bbox 2390 498 2533 543; x_wconf 69' lang='grc' dir='ltr'><strong>ΛΒΤ.</strong></span> <span class='ocrx_word' id='word_1_20' title='bbox 2577 497 2686 543; x_wconf 85' lang='lat' dir='ltr'><strong>vm</strong></span> 
     </span>
    </p>
   </div>
   <div class='ocr_carea' id='block_1_7' title="bbox 3347 475 3468 540">
    <p class='ocr_par' dir='ltr' id='par_1_7' title="bbox 3347 475 3468 540">
     <span class='ocr_line' id='line_1_7' title="bbox 3347 475 3468 540; baseline 0 0"><span class='ocrx_word' id='word_1_21' title='bbox 3347 475 3468 540; x_wconf 76' lang='lat'><strong>327</strong></span> 
     </span>
    </p>
   </div>
   <div class='ocr_carea' id='block_1_8' title="bbox 440 661 3470 748">
    <p class='ocr_par' dir='ltr' id='par_1_8' title="bbox 440 661 3470 748">
     <span class='ocr_line' id='line_1_8' title="bbox 440 661 3470 748; baseline 0 -25"><span class='ocrx_word' id='word_1_22' title='bbox 440 661 713 745; x_wconf 82' lang='lat' dir='ltr'><strong>Insuper</strong></span> <span class='ocrx_word' id='word_1_23' title='bbox 753 662 1038 727; x_wconf 88' lang='lat' dir='ltr'><strong>Christus</strong></span> <span class='ocrx_word' id='word_1_24' title='bbox 1080 665 1357 728; x_wconf 80' lang='lat' dir='ltr'><strong>ostendit</strong></span> <span class='ocrx_word' id='word_1_25' title='bbox 1398 665 1687 729; x_wconf 81' lang='lat' dir='ltr'><strong>ordinem</strong></span> <span class='ocrx_word' id='word_1_26' title='bbox 1736 665 1867 747; x_wconf 89' lang='lat' dir='ltr'><strong>spi·</strong></span> <span class='ocrx_word' id='word_1_27' title='bbox 1896 664 1948 726; x_wconf 89' lang='lat' dir='ltr'><strong>A</strong></span> <span class='ocrx_word' id='word_1_28' title='bbox 2056 668 2173 728; x_wconf 86' lang='lat' dir='ltr'><strong>Sic</strong></span> <span class='ocrx_word' id='word_1_29' title='bbox 2199 677 2290 728; x_wconf 73' lang='lat' dir='ltr'><strong>est</strong></span> <span class='ocrx_word' id='word_1_30' title='bbox 2323 669 2534 729; x_wconf 76' lang='lat' dir='ltr'><strong>omnis</strong></span> <span class='ocrx_word' id='word_1_31' title='bbox 2571 671 2688 748; x_wconf 83' lang='lat' dir='ltr'><strong>qui</strong></span> <span class='ocrx_word' id='word_1_32' title='bbox 2715 678 2910 730; x_wconf 79' lang='lat' dir='ltr'><strong>natus</strong></span> <span class='ocrx_word' id='word_1_33' title='bbox 2938 678 3028 729; x_wconf 79' lang='lat' dir='ltr'><strong>est</strong></span> <span class='ocrx_word' id='word_1_34' title='bbox 3054 687 3136 728; x_wconf 74' lang='lat' dir='ltr'><strong>em</strong></span> <span class='ocrx_word' id='word_1_35' title='bbox 3171 667 3416 746; x_wconf 77' lang='lat' dir='ltr'><strong>spiritu</strong></span> <span class='ocrx_word' id='word_1_36' title='bbox 3446 683 3470 724; x_wconf 91' lang='lat'><strong>.·</strong></span> 
     </span>
    </p>
   </div>
   <div class='ocr_carea' id='block_1_9' title="bbox 344 757 1869 1827">
    <p class='ocr_par' dir='ltr' id='par_1_9' title="bbox 344 757 1869 1827">
     <span class='ocr_line' id='line_1_9' title="bbox 348 757 1868 844; baseline 0.002 -25"><span class='ocrx_word' id='word_1_37' title='bbox 348 757 615 822; x_wconf 85' lang='lat' dir='ltr'><strong>ritualis</strong></span> <span class='ocrx_word' id='word_1_38' title='bbox 663 761 1157 842; x_wconf 78' lang='lat' dir='ltr'><strong>regenerationis</strong></span> <span class='ocrx_word' id='word_1_39' title='bbox 1208 779 1323 844; x_wconf 93' lang='lat' dir='ltr'><strong>per</strong></span> <span class='ocrx_word' id='word_1_40' title='bbox 1370 762 1601 824; x_wconf 89' lang='lat' dir='ltr'><strong>simile.</strong></span> <span class='ocrx_word' id='word_1_41' title='bbox 1649 763 1868 840; x_wconf 78' lang='lat' dir='ltr'><strong>Spiri-</strong></span> 
     </span>
     <span class='ocr_line' id='line_1_10' title="bbox 348 859 1867 943; baseline 0.003 -26"><span class='ocrx_word' id='word_1_42' title='bbox 348 865 491 930; x_wconf 74' lang='grc' dir='ltr'><strong><em>ιιιε,</em></strong></span> <span class='ocrx_word' id='word_1_43' title='bbox 550 866 619 920; x_wconf 92' lang='lat' dir='ltr'><strong>ut</strong></span> <span class='ocrx_word' id='word_1_44' title='bbox 678 868 833 942; x_wconf 88' lang='lat' dir='ltr'><strong>puta</strong></span> <span class='ocrx_word' id='word_1_45' title='bbox 890 859 1167 943; x_wconf 87' lang='lat' dir='ltr'><strong>Spiritus</strong></span> <span class='ocrx_word' id='word_1_46' title='bbox 1224 860 1511 936; x_wconf 85' lang='lat' dir='ltr'><strong>Sanctus,</strong></span> <span class='ocrx_word' id='word_1_47' title='bbox 1566 864 1679 922; x_wconf 82' lang='lat' dir='ltr'><strong>ubi</strong></span> <span class='ocrx_word' id='word_1_48' title='bbox 1726 864 1867 922; x_wconf 76' lang='lat' dir='ltr'><strong>vult</strong></span> 
     </span>
     <span class='ocr_line' id='line_1_11' title="bbox 344 957 1869 1041; baseline 0.003 -25"><span class='ocrx_word' id='word_1_49' title='bbox 344 959 595 1034; x_wconf 73' lang='lat' dir='ltr'><strong>spirat,</strong></span> <span class='ocrx_word' id='word_1_50' title='bbox 644 957 709 1020; x_wconf 93' lang='lat' dir='ltr'><strong>id</strong></span> <span class='ocrx_word' id='word_1_51' title='bbox 758 965 875 1033; x_wconf 88' lang='lat' dir='ltr'><strong>est,</strong></span> <span class='ocrx_word' id='word_1_52' title='bbox 929 959 1305 1041; x_wconf 84' lang='lat' dir='ltr'><strong>potestative</strong></span> <span class='ocrx_word' id='word_1_53' title='bbox 1352 979 1427 1023; x_wconf 88' lang='lat' dir='ltr'><strong>ac</strong></span> <span class='ocrx_word' id='word_1_54' title='bbox 1474 960 1673 1023; x_wconf 91' lang='lat' dir='ltr'><strong>libere</strong></span> <span class='ocrx_word' id='word_1_55' title='bbox 1730 978 1869 1040; x_wconf 85' lang='lat' dir='ltr'><strong>gra-</strong></span> 
     </span>
     <span class='ocr_line' id='line_1_12' title="bbox 346 1053 1867 1140; baseline 0.002 -25"><span class='ocrx_word' id='word_1_56' title='bbox 346 1053 521 1116; x_wconf 83' lang='lat' dir='ltr'><strong>tiam</strong></span> <span class='ocrx_word' id='word_1_57' title='bbox 574 1065 829 1138; x_wconf 81' lang='lat' dir='ltr'><strong>praestat</strong></span> <span class='ocrx_word' id='word_1_58' title='bbox 878 1058 979 1119; x_wconf 93' lang='lat' dir='ltr'><strong>cui</strong></span> <span class='ocrx_word' id='word_1_59' title='bbox 1038 1057 1371 1140; x_wconf 83' lang='lat' dir='ltr'><strong>placuerit,</strong></span> <span class='ocrx_word' id='word_1_60' title='bbox 1424 1058 1591 1120; x_wconf 92' lang='lat' dir='ltr'><strong>sicut</strong></span> <span class='ocrx_word' id='word_1_61' title='bbox 1634 1057 1867 1119; x_wconf 88' lang='lat' dir='ltr'><strong>fatetur</strong></span> 
     </span>
     <span class='ocr_line' id='line_1_13' title="bbox 346 1153 1867 1239; baseline 0.002 -25"><span class='ocrx_word' id='word_1_62' title='bbox 346 1153 704 1235; x_wconf 83' lang='lat' dir='ltr'><strong>Apostolus</strong></span> <span class='ocrx_word' id='word_1_63' title='bbox 758 1174 772 1218; x_wconf 91' lang='lat'>:</span> <span class='ocrx_word' id='word_1_64' title='bbox 827 1154 1053 1218; x_wconf 90' lang='lat' dir='ltr'><strong>Omnia</strong></span> <span class='ocrx_word' id='word_1_65' title='bbox 1100 1165 1399 1239; x_wconf 87' lang='lat' dir='ltr'><strong>operatur</strong></span> <span class='ocrx_word' id='word_1_66' title='bbox 1457 1175 1623 1219; x_wconf 88' lang='lat' dir='ltr'><strong>unus</strong></span> <span class='ocrx_word' id='word_1_67' title='bbox 1674 1163 1867 1238; x_wconf 89' lang='lat' dir='ltr'><strong>atque</strong></span> 
     </span>
     <span class='ocr_line' id='line_1_14' title="bbox 348 1251 1869 1337; baseline 0.001 -24"><span class='ocrx_word' id='word_1_68' title='bbox 348 1251 535 1316; x_wconf 89' lang='lat' dir='ltr'><strong>idem</strong></span> <span class='ocrx_word' id='word_1_69' title='bbox 564 1251 861 1335; x_wconf 80' lang='lat' dir='ltr'><strong>SpirituS,</strong></span> <span class='ocrx_word' id='word_1_70' title='bbox 877 1254 1169 1318; x_wconf 82' lang='lat' dir='ltr'><strong>dividens</strong></span> <span class='ocrx_word' id='word_1_71' title='bbox 1200 1255 1467 1335; x_wconf 85' lang='lat' dir='ltr'><strong>singulis</strong></span> <span class='ocrx_word' id='word_1_72' title='bbox 1500 1262 1687 1337; x_wconf 92' lang='lat' dir='ltr'><strong>prout</strong></span> <span class='ocrx_word' id='word_1_73' title='bbox 1719 1254 1869 1317; x_wconf 86' lang='lat' dir='ltr'><strong>vult.</strong></span> 
     </span>
     <span class='ocr_line' id='line_1_15' title="bbox 347 1349 1865 1434; baseline 0.002 -22"><span class='ocrx_word' id='word_1_74' title='bbox 347 1349 529 1412; x_wconf 91' lang='lat' dir='ltr'><strong>Deus</strong></span> <span class='ocrx_word' id='word_1_75' title='bbox 580 1370 860 1434; x_wconf 85' lang='lat' dir='ltr'><strong>namque</strong></span> <span class='ocrx_word' id='word_1_76' title='bbox 904 1360 1205 1434; x_wconf 88' lang='lat' dir='ltr'><strong>operatur</strong></span> <span class='ocrx_word' id='word_1_77' title='bbox 1254 1353 1321 1415; x_wconf 90' lang='lat' dir='ltr'><strong>in</strong></span> <span class='ocrx_word' id='word_1_78' title='bbox 1370 1353 1699 1428; x_wconf 81' lang='lat' dir='ltr'><strong>creaturiS,</strong></span> <span class='ocrx_word' id='word_1_79' title='bbox 1738 1372 1865 1416; x_wconf 90' lang='lat' dir='ltr'><strong>non</strong></span> 
     </span>
     <span class='ocr_line' id='line_1_16' title="bbox 348 1449 1869 1526; baseline 0 -14"><span class='ocrx_word' id='word_1_80' title='bbox 348 1449 739 1512; x_wconf 84' lang='lat' dir='ltr'><strong>necessitate</strong></span> <span class='ocrx_word' id='word_1_81' title='bbox 788 1458 1051 1526; x_wconf 79' lang='lat' dir='ltr'><strong>naturae,</strong></span> <span class='ocrx_word' id='word_1_82' title='bbox 1102 1453 1211 1514; x_wconf 90' lang='lat' dir='ltr'><strong>sed</strong></span> <span class='ocrx_word' id='word_1_83' title='bbox 1270 1451 1596 1514; x_wconf 88' lang='lat' dir='ltr'><strong>liberrima</strong></span> <span class='ocrx_word' id='word_1_84' title='bbox 1642 1451 1869 1515; x_wconf 85' lang='lat' dir='ltr'><strong>volun·-</strong></span> 
     </span>
     <span class='ocr_line' id='line_1_17' title="bbox 352 1537 1865 1632; baseline 0.001 -22"><span class='ocrx_word' id='word_1_85' title='bbox 352 1555 511 1622; x_wconf 84' lang='lat' dir='ltr'><strong>tate,</strong></span> <span class='ocrx_word' id='word_1_86' title='bbox 548 1556 739 1631; x_wconf 90' lang='lat' dir='ltr'><strong>prout</strong></span> <span class='ocrx_word' id='word_1_87' title='bbox 766 1550 844 1612; x_wconf 91' lang='lat' dir='ltr'><strong>ad</strong></span> <span class='ocrx_word' id='word_1_88' title='bbox 874 1537 1183 1632; x_wconf 64' lang='lat' dir='ltr'><strong>Ephesios</strong></span> <span class='ocrx_word' id='word_1_89' title='bbox 1212 1550 1301 1612; x_wconf 87' lang='lat' dir='ltr'><strong>ait</strong></span> <span class='ocrx_word' id='word_1_90' title='bbox 1326 1550 1667 1632; x_wconf 85' lang='lat' dir='ltr'><strong>Apostolus</strong></span> <span class='ocrx_word' id='word_1_91' title='bbox 1701 1569 1714 1613; x_wconf 93' lang='lat'>:</span> <span class='ocrx_word' id='word_1_92' title='bbox 1748 1548 1865 1623; x_wconf 85' lang='lat' dir='ltr'><strong>Qui</strong></span> 
     </span>
     <span class='ocr_line' id='line_1_18' title="bbox 348 1635 1867 1731; baseline 0.002 -21"><span class='ocrx_word' id='word_1_93' title='bbox 348 1647 581 1710; x_wconf 89' lang='lat' dir='ltr'><strong>omnia</strong></span> <span class='ocrx_word' id='word_1_94' title='bbox 608 1655 909 1730; x_wconf 88' lang='lat' dir='ltr'><strong>operatur</strong></span> <span class='ocrx_word' id='word_1_95' title='bbox 946 1635 1299 1712; x_wconf 77' lang='lat' dir='ltr'><strong>secundum</strong></span> <span class='ocrx_word' id='word_1_96' title='bbox 1329 1649 1728 1731; x_wconf 90' lang='lat' dir='ltr'><strong>propositum</strong></span> <span class='ocrx_word' id='word_1_97' title='bbox 1758 1668 1867 1713; x_wconf 86' lang='lat' dir='ltr'><strong>vo-</strong></span> 
     </span>
     <span class='ocr_line' id='line_1_19' title="bbox 350 1747 1867 1827; baseline 0.001 -19"><span class='ocrx_word' id='word_1_98' title='bbox 350 1747 631 1809; x_wconf 89' lang='lat' dir='ltr'><strong>luntatis</strong></span> <span class='ocrx_word' id='word_1_99' title='bbox 670 1766 823 1811; x_wconf 78' lang='lat' dir='ltr'><strong>suae.</strong></span> <span class='ocrx_word' id='word_1_100' title='bbox 858 1751 945 1810; x_wconf 77' lang='lat' dir='ltr'><strong>Et</strong></span> <span class='ocrx_word' id='word_1_101' title='bbox 982 1768 1197 1810; x_wconf 81' lang='lat' dir='ltr'><strong>vocem</strong></span> <span class='ocrx_word' id='word_1_102' title='bbox 1232 1749 1373 1827; x_wconf 68' lang='lat' dir='ltr'><strong>ejus</strong></span> <span class='ocrx_word' id='word_1_103' title='bbox 1412 1750 1633 1819; x_wconf 67' lang='lat' dir='ltr'><strong>audi-3,</strong></span> <span class='ocrx_word' id='word_1_104' title='bbox 1662 1747 1726 1809; x_wconf 91' lang='lat' dir='ltr'><strong>id</strong></span> <span class='ocrx_word' id='word_1_105' title='bbox 1772 1754 1867 1810; x_wconf 91' lang='lat' dir='ltr'><strong>est</strong></span> 
     </span>
    </p>
   </div>
   <div class='ocr_carea' id='block_1_10' title="bbox 1974 763 3476 1826">
    <p class='ocr_par' dir='ltr' id='par_1_10' title="bbox 1974 763 3476 1826">
     <span class='ocr_line' id='line_1_20' title="bbox 1977 763 3476 849; baseline 0.001 -24"><span class='ocrx_word' id='word_1_106' title='bbox 1977 763 2041 826; x_wconf 91' lang='lat' dir='ltr'><strong>id</strong></span> <span class='ocrx_word' id='word_1_107' title='bbox 2082 771 2200 840; x_wconf 90' lang='lat' dir='ltr'><strong>est,</strong></span> <span class='ocrx_word' id='word_1_108' title='bbox 2238 765 2299 827; x_wconf 92' lang='lat' dir='ltr'><strong>in</strong></span> <span class='ocrx_word' id='word_1_109' title='bbox 2347 766 2606 830; x_wconf 87' lang='lat' dir='ltr'><strong>homine</strong></span> <span class='ocrx_word' id='word_1_110' title='bbox 2644 767 3063 849; x_wconf 85' lang='lat' dir='ltr'><strong>spiritualiter</strong></span> <span class='ocrx_word' id='word_1_111' title='bbox 3104 773 3341 838; x_wconf 88' lang='lat' dir='ltr'><strong>renato,</strong></span> <span class='ocrx_word' id='word_1_112' title='bbox 3376 770 3476 826; x_wconf 90' lang='lat' dir='ltr'><strong>est</strong></span> 
     </span>
     <span class='ocr_line' id='line_1_21' title="bbox 1976 862 3473 944; baseline -0.002 -19"><span class='ocrx_word' id='word_1_113' title='bbox 1976 862 2220 944; x_wconf 90' lang='lat' dir='ltr'><strong>aliquid</strong></span> <span class='ocrx_word' id='word_1_114' title='bbox 2279 864 2509 926; x_wconf 89' lang='lat' dir='ltr'><strong>scitum</strong></span> <span class='ocrx_word' id='word_1_115' title='bbox 2565 883 2638 927; x_wconf 92' lang='lat' dir='ltr'><strong>ac</strong></span> <span class='ocrx_word' id='word_1_116' title='bbox 2691 863 3123 938; x_wconf 87' lang='lat' dir='ltr'><strong>manifestum,</strong></span> <span class='ocrx_word' id='word_1_117' title='bbox 3175 862 3473 925; x_wconf 84' lang='lat' dir='ltr'><strong>videlicet</strong></span> 
     </span>
     <span class='ocr_line' id='line_1_22' title="bbox 1978 960 3475 1044; baseline 0.001 -22"><span class='ocrx_word' id='word_1_118' title='bbox 1978 960 2117 1043; x_wconf 86' lang='lat' dir='ltr'><strong>ipsa</strong></span> <span class='ocrx_word' id='word_1_119' title='bbox 2147 980 2416 1043; x_wconf 89' lang='lat' dir='ltr'><strong>persona</strong></span> <span class='ocrx_word' id='word_1_120' title='bbox 2447 964 2795 1026; x_wconf 90' lang='lat' dir='ltr'><strong>secundum</strong></span> <span class='ocrx_word' id='word_1_121' title='bbox 2828 981 2917 1038; x_wconf 92' lang='lat' dir='ltr'><strong>se,</strong></span> <span class='ocrx_word' id='word_1_122' title='bbox 2941 970 3004 1025; x_wconf 90' lang='lat' dir='ltr'><strong>et</strong></span> <span class='ocrx_word' id='word_1_123' title='bbox 3031 961 3274 1044; x_wconf 88' lang='lat' dir='ltr'><strong>aliquid</strong></span> <span class='ocrx_word' id='word_1_124' title='bbox 3304 961 3475 1043; x_wconf 83' lang='lat' dir='ltr'><strong>igno-</strong></span> 
     </span>
     <span class='ocr_line' id='line_1_23' title="bbox 1976 1060 3475 1141; baseline 0 -21"><span class='ocrx_word' id='word_1_125' title='bbox 1976 1066 2136 1134; x_wconf 92' lang='lat' dir='ltr'><strong>tum,</strong></span> <span class='ocrx_word' id='word_1_126' title='bbox 2163 1060 2315 1141; x_wconf 89' lang='lat' dir='ltr'><strong>quia</strong></span> <span class='ocrx_word' id='word_1_127' title='bbox 2345 1061 2516 1123; x_wconf 89' lang='lat' dir='ltr'><strong>intus</strong></span> <span class='ocrx_word' id='word_1_128' title='bbox 2547 1061 2960 1124; x_wconf 90' lang='lat' dir='ltr'><strong>invisibiliter</strong></span> <span class='ocrx_word' id='word_1_129' title='bbox 2991 1060 3380 1132; x_wconf 82' lang='lat' dir='ltr'><strong>reformatur,</strong></span> <span class='ocrx_word' id='word_1_130' title='bbox 3409 1065 3475 1121; x_wconf 89' lang='lat' dir='ltr'><strong>et</strong></span> 
     </span>
     <span class='ocr_line' id='line_1_24' title="bbox 1977 1156 3471 1242; baseline -0.001 -22"><span class='ocrx_word' id='word_1_131' title='bbox 1977 1158 2055 1220; x_wconf 93' lang='lat' dir='ltr'><strong>de</strong></span> <span class='ocrx_word' id='word_1_132' title='bbox 2099 1158 2335 1220; x_wconf 84' lang='lat' dir='ltr'><strong>carnali</strong></span> <span class='ocrx_word' id='word_1_133' title='bbox 2379 1178 2452 1221; x_wconf 89' lang='lat' dir='ltr'><strong>ac</strong></span> <span class='ocrx_word' id='word_1_134' title='bbox 2495 1160 2762 1241; x_wconf 91' lang='lat' dir='ltr'><strong>perdito,</strong></span> <span class='ocrx_word' id='word_1_135' title='bbox 2797 1157 3148 1242; x_wconf 89' lang='lat' dir='ltr'><strong>spiritualis</strong></span> <span class='ocrx_word' id='word_1_136' title='bbox 3189 1164 3252 1220; x_wconf 92' lang='lat' dir='ltr'><strong>et</strong></span> <span class='ocrx_word' id='word_1_137' title='bbox 3292 1156 3471 1219; x_wconf 81' lang='lat' dir='ltr'><strong>filius</strong></span> 
     </span>
     <span class='ocr_line' id='line_1_25' title="bbox 1975 1254 3474 1339; baseline 0.001 -22"><span class='ocrx_word' id='word_1_138' title='bbox 1975 1256 2312 1337; x_wconf 88' lang='lat' dir='ltr'><strong>adoptivus</strong></span> <span class='ocrx_word' id='word_1_139' title='bbox 2368 1256 2652 1319; x_wconf 80' lang='lat' dir='ltr'><strong>efficitur</strong></span> <span class='ocrx_word' id='word_1_140' title='bbox 2709 1255 3202 1339; x_wconf 88' lang='lat' dir='ltr'><strong>imperceptibili</strong></span> <span class='ocrx_word' id='word_1_141' title='bbox 3256 1254 3474 1336; x_wconf 78' lang='lat' dir='ltr'><strong>gratiae</strong></span> 
     </span>
     <span class='ocr_line' id='line_1_26' title="bbox 1976 1350 3473 1434; baseline -0.001 -21"><span class='ocrx_word' id='word_1_142' title='bbox 1976 1351 2322 1416; x_wconf 88' lang='lat' dir='ltr'><strong>infusione.</strong></span> <span class='ocrx_word' id='word_1_143' title='bbox 2354 1350 2532 1425; x_wconf 85' lang='lat' dir='ltr'><strong>Quod</strong></span> <span class='ocrx_word' id='word_1_144' title='bbox 2573 1354 2746 1414; x_wconf 86' lang='lat' dir='ltr'><strong>enim</strong></span> <span class='ocrx_word' id='word_1_145' title='bbox 2783 1352 3017 1434; x_wconf 87' lang='lat' dir='ltr'><strong>aliquis</strong></span> <span class='ocrx_word' id='word_1_146' title='bbox 3057 1351 3122 1414; x_wconf 93' lang='lat' dir='ltr'><strong>in</strong></span> <span class='ocrx_word' id='word_1_147' title='bbox 3153 1350 3473 1432; x_wconf 87' lang='lat' dir='ltr'><strong>Baptismo</strong></span> 
     </span>
     <span class='ocr_line' id='line_1_27' title="bbox 1976 1447 3467 1526; baseline -0.002 -14"><span class='ocrx_word' id='word_1_148' title='bbox 1976 1450 2069 1512; x_wconf 91' lang='lat' dir='ltr'><strong>sic</strong></span> <span class='ocrx_word' id='word_1_149' title='bbox 2100 1450 2488 1526; x_wconf 89' lang='lat' dir='ltr'><strong>melioratur,</strong></span> <span class='ocrx_word' id='word_1_150' title='bbox 2523 1451 2656 1513; x_wconf 87' lang='lat' dir='ltr'><strong>sola</strong></span> <span class='ocrx_word' id='word_1_151' title='bbox 2683 1449 2814 1514; x_wconf 88' lang='lat' dir='ltr'><strong>fide</strong></span> <span class='ocrx_word' id='word_1_152' title='bbox 2840 1458 3156 1513; x_wconf 90' lang='lat' dir='ltr'><strong>tenemus.</strong></span> <span class='ocrx_word' id='word_1_153' title='bbox 3184 1448 3294 1511; x_wconf 88' lang='lat' dir='ltr'><strong>Vel</strong></span> <span class='ocrx_word' id='word_1_154' title='bbox 3325 1447 3416 1510; x_wconf 89' lang='lat' dir='ltr'><strong>sic</strong></span> <span class='ocrx_word' id='word_1_155' title='bbox 3453 1465 3467 1510; x_wconf 93' lang='lat'><strong>:</strong></span> 
     </span>
     <span class='ocr_line' id='line_1_28' title="bbox 1976 1546 3466 1631; baseline -0.001 -21"><span class='ocrx_word' id='word_1_156' title='bbox 1976 1546 2079 1610; x_wconf 89' lang='lat' dir='ltr'><strong>Sic</strong></span> <span class='ocrx_word' id='word_1_157' title='bbox 2124 1556 2220 1610; x_wconf 91' lang='lat' dir='ltr'><strong>est</strong></span> <span class='ocrx_word' id='word_1_158' title='bbox 2262 1549 2467 1612; x_wconf 91' lang='lat' dir='ltr'><strong>omnis</strong></span> <span class='ocrx_word' id='word_1_159' title='bbox 2518 1549 2629 1631; x_wconf 92' lang='lat' dir='ltr'><strong>qui</strong></span> <span class='ocrx_word' id='word_1_160' title='bbox 2680 1557 2864 1611; x_wconf 89' lang='lat' dir='ltr'><strong>natus</strong></span> <span class='ocrx_word' id='word_1_161' title='bbox 2915 1555 3010 1610; x_wconf 90' lang='lat' dir='ltr'><strong>est</strong></span> <span class='ocrx_word' id='word_1_162' title='bbox 3053 1566 3130 1610; x_wconf 88' lang='lat' dir='ltr'><strong>ex</strong></span> <span class='ocrx_word' id='word_1_163' title='bbox 3178 1546 3409 1629; x_wconf 89' lang='lat' dir='ltr'><strong>spiritu</strong></span> <span class='ocrx_word' id='word_1_164' title='bbox 3451 1564 3466 1608; x_wconf 74' lang='grc' dir='ltr'>ε</span> 
     </span>
     <span class='ocr_line' id='line_1_29' title="bbox 1976 1645 3472 1728; baseline -0.001 -20"><span class='ocrx_word' id='word_1_165' title='bbox 1976 1646 2040 1709; x_wconf 92' lang='lat' dir='ltr'><strong>id</strong></span> <span class='ocrx_word' id='word_1_166' title='bbox 2084 1655 2202 1721; x_wconf 91' lang='lat' dir='ltr'><strong>est,</strong></span> <span class='ocrx_word' id='word_1_167' title='bbox 2236 1646 2301 1708; x_wconf 94' lang='lat' dir='ltr'><strong>in</strong></span> <span class='ocrx_word' id='word_1_168' title='bbox 2348 1647 2819 1728; x_wconf 78' lang='lat' dir='ltr'><strong>regeneratione</strong></span> <span class='ocrx_word' id='word_1_169' title='bbox 2857 1645 3136 1710; x_wconf 90' lang='lat' dir='ltr'><strong>hominis</strong></span> <span class='ocrx_word' id='word_1_170' title='bbox 3175 1645 3342 1719; x_wconf 84' lang='lat' dir='ltr'><strong>talis,</strong></span> <span class='ocrx_word' id='word_1_171' title='bbox 3376 1650 3472 1707; x_wconf 91' lang='lat' dir='ltr'><strong>est</strong></span> 
     </span>
     <span class='ocr_line' id='line_1_30' title="bbox 1974 1741 3474 1826; baseline -0.002 -20"><span class='ocrx_word' id='word_1_172' title='bbox 1974 1744 2219 1826; x_wconf 87' lang='lat' dir='ltr'><strong>aliquid</strong></span> <span class='ocrx_word' id='word_1_173' title='bbox 2277 1746 2560 1820; x_wconf 87' lang='lat' dir='ltr'><strong>evidens;</strong></span> <span class='ocrx_word' id='word_1_174' title='bbox 2623 1745 2868 1808; x_wconf 89' lang='lat' dir='ltr'><strong>scilicet</strong></span> <span class='ocrx_word' id='word_1_175' title='bbox 2927 1763 3094 1826; x_wconf 89' lang='lat' dir='ltr'><strong>aqua</strong></span> <span class='ocrx_word' id='word_1_176' title='bbox 3150 1752 3214 1806; x_wconf 88' lang='lat' dir='ltr'><strong>et</strong></span> <span class='ocrx_word' id='word_1_177' title='bbox 3267 1741 3474 1806; x_wconf 87' lang='lat' dir='ltr'><strong>forma</strong></span> 
     </span>
    </p>
   </div>
   <div class='ocr_carea' id='block_1_11' title="bbox 352 1839 3474 1928">
    <p class='ocr_par' dir='ltr' id='par_1_11' title="bbox 352 1839 3474 1928">
     <span class='ocr_line' id='line_1_31' title="bbox 352 1839 3474 1928; baseline -0.002 -20"><span class='ocrx_word' id='word_1_178' title='bbox 352 1844 563 1908; x_wconf 83' lang='lat' dir='ltr'><strong>verba</strong></span> <span class='ocrx_word' id='word_1_179' title='bbox 600 1863 795 1908; x_wconf 82' lang='lat' dir='ltr'><strong>sacrae</strong></span> <span class='ocrx_word' id='word_1_180' title='bbox 823 1844 1166 1928; x_wconf 80' lang='lat' dir='ltr'><strong>Scripturae</strong></span> <span class='ocrx_word' id='word_1_181' title='bbox 1202 1846 1510 1910; x_wconf 91' lang='lat' dir='ltr'><strong>divinitus</strong></span> <span class='ocrx_word' id='word_1_182' title='bbox 1550 1845 1859 1909; x_wconf 79' lang='lat' dir='ltr'><strong>revelatae.</strong></span> <span class='ocrx_word' id='word_1_183' title='bbox 1902 1847 1949 1911; x_wconf 93' lang='lat' dir='ltr'>B</span> <span class='ocrx_word' id='word_1_184' title='bbox 1978 1842 2361 1922; x_wconf 85' lang='lat' dir='ltr'><strong>verborum3</strong></span> <span class='ocrx_word' id='word_1_185' title='bbox 2407 1851 2474 1905; x_wconf 90' lang='lat' dir='ltr'><strong>ct</strong></span> <span class='ocrx_word' id='word_1_186' title='bbox 2499 1843 2745 1924; x_wconf 89' lang='lat' dir='ltr'><strong>aliquid</strong></span> <span class='ocrx_word' id='word_1_187' title='bbox 2773 1842 3082 1916; x_wconf 89' lang='lat' dir='ltr'><strong>abditum,</strong></span> <span class='ocrx_word' id='word_1_188' title='bbox 3118 1848 3270 1923; x_wconf 88' lang='lat' dir='ltr'><strong>puta</strong></span> <span class='ocrx_word' id='word_1_189' title='bbox 3299 1839 3474 1922; x_wconf 89' lang='lat' dir='ltr'><strong>prin-</strong></span> 
     </span>
    </p>
   </div>
   <div class='ocr_carea' id='block_1_12' title="bbox 350 1942 1868 2122">
    <p class='ocr_par' dir='ltr' id='par_1_12' title="bbox 350 1942 1868 2122">
     <span class='ocr_line' id='line_1_32' title="bbox 352 1942 1868 2025; baseline 0.001 -21"><span class='ocrx_word' id='word_1_190' title='bbox 352 1942 498 2017; x_wconf 87' lang='lat' dir='ltr'><strong>Vel,</strong></span> <span class='ocrx_word' id='word_1_191' title='bbox 534 1942 767 2007; x_wconf 87' lang='lat' dir='ltr'><strong>Vocem</strong></span> <span class='ocrx_word' id='word_1_192' title='bbox 813 1943 977 2025; x_wconf 80' lang='lat' dir='ltr'><strong>ejus,</strong></span> <span class='ocrx_word' id='word_1_193' title='bbox 1019 1944 1086 2007; x_wconf 93' lang='lat' dir='ltr'><strong>id</strong></span> <span class='ocrx_word' id='word_1_194' title='bbox 1123 1951 1221 2007; x_wconf 88' lang='lat' dir='ltr'><strong>est</strong></span> <span class='ocrx_word' id='word_1_195' title='bbox 1266 1945 1583 2007; x_wconf 88' lang='lat' dir='ltr'><strong>internam</strong></span> <span class='ocrx_word' id='word_1_196' title='bbox 1630 1944 1868 2008; x_wconf 88' lang='lat' dir='ltr'><strong>allocu-</strong></span> 
     </span>
     <span class='ocr_line' id='line_1_33' title="bbox 350 2039 1868 2122; baseline 0 -20"><span class='ocrx_word' id='word_1_197' title='bbox 350 2039 629 2113; x_wconf 80' lang='lat' dir='ltr'><strong>tionem,</strong></span> <span class='ocrx_word' id='word_1_198' title='bbox 661 2039 844 2102; x_wconf 89' lang='lat' dir='ltr'><strong>audis</strong></span> <span class='ocrx_word' id='word_1_199' title='bbox 880 2058 893 2103; x_wconf 91' lang='lat'>:</span> <span class='ocrx_word' id='word_1_200' title='bbox 928 2058 1003 2104; x_wconf 87' lang='lat' dir='ltr'><strong>eo</strong></span> <span class='ocrx_word' id='word_1_201' title='bbox 1052 2041 1239 2105; x_wconf 90' lang='lat' dir='ltr'><strong>modo</strong></span> <span class='ocrx_word' id='word_1_202' title='bbox 1280 2059 1410 2122; x_wconf 92' lang='lat' dir='ltr'><strong>quo</strong></span> <span class='ocrx_word' id='word_1_203' title='bbox 1456 2041 1546 2103; x_wconf 88' lang='lat' dir='ltr'><strong>ait</strong></span> <span class='ocrx_word' id='word_1_204' title='bbox 1592 2041 1868 2103; x_wconf 84' lang='lat' dir='ltr'><strong>Psalmo-</strong></span> 
     </span>
    </p>
   </div>
   <div class='ocr_carea' id='block_1_13' title="bbox 306 2137 1865 2220">
    <p class='ocr_par' dir='ltr' id='par_1_13' title="bbox 306 2137 1865 2220">
     <span class='ocr_line' id='line_1_34' title="bbox 306 2137 1865 2220; baseline 0 -20"><span class='ocrx_word' id='word_1_205' title='bbox 306 2138 670 2220; x_wconf 77' lang='lat' dir='ltr'><strong>.graphu8,</strong></span> <span class='ocrx_word' id='word_1_206' title='bbox 728 2137 1001 2200; x_wconf 85' lang='lat' dir='ltr'><strong>Audiam</strong></span> <span class='ocrx_word' id='word_1_207' title='bbox 1061 2137 1219 2218; x_wconf 87' lang='lat' dir='ltr'><strong>quid</strong></span> <span class='ocrx_word' id='word_1_208' title='bbox 1282 2139 1573 2220; x_wconf 91' lang='lat' dir='ltr'><strong>loquatur</strong></span> <span class='ocrx_word' id='word_1_209' title='bbox 1634 2139 1701 2200; x_wconf 90' lang='lat' dir='ltr'><strong>in</strong></span> <span class='ocrx_word' id='word_1_210' title='bbox 1760 2156 1865 2200; x_wconf 90' lang='lat' dir='ltr'><strong>me</strong></span> 
     </span>
    </p>
   </div>
   <div class='ocr_carea' id='block_1_14' title="bbox 348 2234 1867 3008">
    <p class='ocr_par' dir='ltr' id='par_1_14' title="bbox 348 2234 1867 3008">
     <span class='ocr_line' id='line_1_35' title="bbox 352 2234 1861 2313; baseline -0.001 -14"><span class='ocrx_word' id='word_1_211' title='bbox 352 2235 671 2299; x_wconf 88' lang='lat' dir='ltr'><strong>Dominus</strong></span> <span class='ocrx_word' id='word_1_212' title='bbox 710 2234 896 2298; x_wconf 89' lang='lat' dir='ltr'><strong>Deus.</strong></span> <span class='ocrx_word' id='word_1_213' title='bbox 934 2234 1043 2297; x_wconf 85' lang='lat' dir='ltr'><strong>Est</strong></span> <span class='ocrx_word' id='word_1_214' title='bbox 1071 2236 1245 2298; x_wconf 88' lang='lat' dir='ltr'><strong>enim</strong></span> <span class='ocrx_word' id='word_1_215' title='bbox 1282 2236 1536 2299; x_wconf 89' lang='lat' dir='ltr'><strong>auditus</strong></span> <span class='ocrx_word' id='word_1_216' title='bbox 1574 2236 1861 2313; x_wconf 89' lang='lat' dir='ltr'><strong>interior,</strong></span> 
     </span>
     <span class='ocr_line' id='line_1_36' title="bbox 352 2333 1862 2417; baseline 0.001 -21"><span class='ocrx_word' id='word_1_217' title='bbox 352 2353 496 2416; x_wconf 90' lang='lat' dir='ltr'><strong>quo</strong></span> <span class='ocrx_word' id='word_1_218' title='bbox 552 2334 816 2398; x_wconf 84' lang='lat' dir='ltr'><strong>divinus</strong></span> <span class='ocrx_word' id='word_1_219' title='bbox 872 2333 1213 2397; x_wconf 87' lang='lat' dir='ltr'><strong>instinctus</strong></span> <span class='ocrx_word' id='word_1_220' title='bbox 1273 2335 1646 2417; x_wconf 88' lang='lat' dir='ltr'><strong>percipitur,</strong></span> <span class='ocrx_word' id='word_1_221' title='bbox 1710 2336 1862 2398; x_wconf 89' lang='lat' dir='ltr'><strong>dum</strong></span> 
     </span>
     <span class='ocr_line' id='line_1_37' title="bbox 353 2432 1867 2515; baseline 0.001 -19"><span class='ocrx_word' id='word_1_222' title='bbox 353 2433 559 2496; x_wconf 88' lang='lat' dir='ltr'><strong>sentit</strong></span> <span class='ocrx_word' id='word_1_223' title='bbox 601 2451 671 2495; x_wconf 92' lang='lat' dir='ltr'><strong>se</strong></span> <span class='ocrx_word' id='word_1_224' title='bbox 716 2433 910 2497; x_wconf 88' lang='lat' dir='ltr'><strong>homo</strong></span> <span class='ocrx_word' id='word_1_225' title='bbox 953 2432 1223 2496; x_wconf 89' lang='lat' dir='ltr'><strong>interius</strong></span> <span class='ocrx_word' id='word_1_226' title='bbox 1271 2434 1463 2515; x_wconf 89' lang='lat' dir='ltr'><strong>tangi,</strong></span> <span class='ocrx_word' id='word_1_227' title='bbox 1498 2433 1733 2512; x_wconf 90' lang='lat' dir='ltr'><strong>doceri,</strong></span> <span class='ocrx_word' id='word_1_228' title='bbox 1766 2453 1867 2497; x_wconf 90' lang='lat' dir='ltr'><strong>ac-</strong></span> 
     </span>
     <span class='ocr_line' id='line_1_38' title="bbox 352 2530 1867 2613; baseline 0 -19"><span class='ocrx_word' id='word_1_229' title='bbox 352 2531 573 2606; x_wconf 89' lang='lat' dir='ltr'><strong>cendi,</strong></span> <span class='ocrx_word' id='word_1_230' title='bbox 607 2530 769 2613; x_wconf 88' lang='lat' dir='ltr'><strong>rapi,</strong></span> <span class='ocrx_word' id='word_1_231' title='bbox 803 2531 1037 2595; x_wconf 90' lang='lat' dir='ltr'><strong>resolvi</strong></span> <span class='ocrx_word' id='word_1_232' title='bbox 1076 2538 1140 2594; x_wconf 87' lang='lat' dir='ltr'><strong>et</strong></span> <span class='ocrx_word' id='word_1_233' title='bbox 1172 2531 1521 2595; x_wconf 88' lang='lat' dir='ltr'><strong>absorberi.</strong></span> <span class='ocrx_word' id='word_1_234' title='bbox 1554 2533 1731 2595; x_wconf 89' lang='lat' dir='ltr'><strong>Unde</strong></span> <span class='ocrx_word' id='word_1_235' title='bbox 1777 2533 1867 2594; x_wconf 89' lang='lat' dir='ltr'><strong>ait</strong></span> 
     </span>
     <span class='ocr_line' id='line_1_39' title="bbox 354 2627 1867 2712; baseline -0.001 -18"><span class='ocrx_word' id='word_1_236' title='bbox 354 2629 668 2694; x_wconf 87' lang='lat' dir='ltr'><strong>Dominus</strong></span> <span class='ocrx_word' id='word_1_237' title='bbox 719 2647 835 2712; x_wconf 91' lang='lat' dir='ltr'><strong>per</strong></span> <span class='ocrx_word' id='word_1_238' title='bbox 882 2627 1037 2692; x_wconf 89' lang='lat' dir='ltr'><strong>Osee</strong></span> <span class='ocrx_word' id='word_1_239' title='bbox 1080 2649 1095 2693; x_wconf 78' lang='lat'>2</span> <span class='ocrx_word' id='word_1_240' title='bbox 1137 2629 1371 2693; x_wconf 88' lang='lat' dir='ltr'><strong>Ducam</strong></span> <span class='ocrx_word' id='word_1_241' title='bbox 1420 2649 1558 2692; x_wconf 90' lang='lat' dir='ltr'><strong>eam</strong></span> <span class='ocrx_word' id='word_1_242' title='bbox 1602 2631 1668 2693; x_wconf 90' lang='lat' dir='ltr'><strong>in</strong></span> <span class='ocrx_word' id='word_1_243' title='bbox 1719 2630 1867 2695; x_wconf 92' lang='lat' dir='ltr'><strong>soli-</strong></span> 
     </span>
     <span class='ocr_line' id='line_1_40' title="bbox 354 2728 1864 2811; baseline 0.001 -20"><span class='ocrx_word' id='word_1_244' title='bbox 354 2728 676 2803; x_wconf 89' lang='lat' dir='ltr'><strong>tudinem,</strong></span> <span class='ocrx_word' id='word_1_245' title='bbox 709 2736 775 2792; x_wconf 88' lang='lat' dir='ltr'><strong>et</strong></span> <span class='ocrx_word' id='word_1_246' title='bbox 813 2728 1039 2810; x_wconf 87' lang='lat' dir='ltr'><strong>loquar</strong></span> <span class='ocrx_word' id='word_1_247' title='bbox 1071 2729 1149 2791; x_wconf 90' lang='lat' dir='ltr'><strong>ad</strong></span> <span class='ocrx_word' id='word_1_248' title='bbox 1188 2747 1297 2793; x_wconf 90' lang='lat' dir='ltr'><strong>cor</strong></span> <span class='ocrx_word' id='word_1_249' title='bbox 1327 2729 1492 2810; x_wconf 85' lang='lat' dir='ltr'><strong>ejus.</strong></span> <span class='ocrx_word' id='word_1_250' title='bbox 1524 2728 1864 2811; x_wconf 89' lang='lat' dir='ltr'><strong>Nunquam</strong></span> 
     </span>
     <span class='ocr_line' id='line_1_41' title="bbox 348 2827 1861 2902; baseline -0.001 -12"><span class='ocrx_word' id='word_1_251' title='bbox 348 2827 743 2891; x_wconf 89' lang='lat' dir='ltr'><strong>Nicodemus</strong></span> <span class='ocrx_word' id='word_1_252' title='bbox 793 2827 1136 2890; x_wconf 87' lang='lat' dir='ltr'><strong>salubriter</strong></span> <span class='ocrx_word' id='word_1_253' title='bbox 1178 2827 1459 2891; x_wconf 89' lang='lat' dir='ltr'><strong>venisset</strong></span> <span class='ocrx_word' id='word_1_254' title='bbox 1503 2829 1581 2890; x_wconf 89' lang='lat' dir='ltr'><strong>ad</strong></span> <span class='ocrx_word' id='word_1_255' title='bbox 1623 2828 1861 2902; x_wconf 85' lang='lat' dir='ltr'><strong>Jesum,</strong></span> 
     </span>
     <span class='ocr_line' id='line_1_42' title="bbox 350 2924 1865 3008; baseline 0 -20"><span class='ocrx_word' id='word_1_256' title='bbox 350 2926 487 2989; x_wconf 89' lang='lat' dir='ltr'><strong>nisi</strong></span> <span class='ocrx_word' id='word_1_257' title='bbox 532 2925 694 2989; x_wconf 86' lang='lat' dir='ltr'><strong>hanc</strong></span> <span class='ocrx_word' id='word_1_258' title='bbox 724 2943 945 2990; x_wconf 84' lang='lat' dir='ltr'><strong>vocem</strong></span> <span class='ocrx_word' id='word_1_259' title='bbox 985 2924 1259 3008; x_wconf 87' lang='lat' dir='ltr'><strong>Spiritus</strong></span> <span class='ocrx_word' id='word_1_260' title='bbox 1298 2924 1509 2989; x_wconf 86' lang='lat' dir='ltr'><strong>Sancti</strong></span> <span class='ocrx_word' id='word_1_261' title='bbox 1550 2926 1865 2989; x_wconf 89' lang='lat' dir='ltr'><strong>internam</strong></span> 
     </span>
    </p>
   </div>
   <div class='ocr_carea' id='block_1_15' title="bbox 1973 1938 3474 2711">
    <p class='ocr_par' dir='ltr' id='par_1_15' title="bbox 1974 1938 3474 2203">
     <span class='ocr_line' id='line_1_43' title="bbox 1974 1938 3474 2023; baseline -0.002 -21"><span class='ocrx_word' id='word_1_262' title='bbox 1974 1941 2217 2023; x_wconf 89' lang='lat' dir='ltr'><strong>cipium</strong></span> <span class='ocrx_word' id='word_1_263' title='bbox 2249 1940 2618 2004; x_wconf 82' lang='lat' dir='ltr'><strong>effectivum</strong></span> <span class='ocrx_word' id='word_1_264' title='bbox 2651 1938 3347 2022; x_wconf 80' lang='lat' dir='ltr'><strong>regenerationiS,quod</strong></span> <span class='ocrx_word' id='word_1_265' title='bbox 3377 1944 3474 2000; x_wconf 91' lang='lat' dir='ltr'><strong>est</strong></span> 
     </span>
     <span class='ocr_line' id='line_1_44' title="bbox 1974 2037 3474 2122; baseline -0.002 -21"><span class='ocrx_word' id='word_1_266' title='bbox 1974 2038 2252 2122; x_wconf 87' lang='lat' dir='ltr'><strong>Spiritus</strong></span> <span class='ocrx_word' id='word_1_267' title='bbox 2293 2038 2600 2120; x_wconf 84' lang='lat' dir='ltr'><strong>Sanctus3</strong></span> <span class='ocrx_word' id='word_1_268' title='bbox 2642 2047 2706 2103; x_wconf 90' lang='lat' dir='ltr'><strong>et</strong></span> <span class='ocrx_word' id='word_1_269' title='bbox 2743 2040 2894 2102; x_wconf 91' lang='lat' dir='ltr'><strong>item</strong></span> <span class='ocrx_word' id='word_1_270' title='bbox 2937 2037 3093 2100; x_wconf 87' lang='lat' dir='ltr'><strong>finis</strong></span> <span class='ocrx_word' id='word_1_271' title='bbox 3133 2037 3295 2120; x_wconf 87' lang='lat' dir='ltr'><strong>ejus,</strong></span> <span class='ocrx_word' id='word_1_272' title='bbox 3327 2054 3474 2118; x_wconf 83' lang='lat' dir='ltr'><strong>quae</strong></span> 
     </span>
     <span class='ocr_line' id='line_1_45' title="bbox 1974 2140 2733 2203; baseline -0.003 -1"><span class='ocrx_word' id='word_1_273' title='bbox 1974 2148 2070 2202; x_wconf 89' lang='lat' dir='ltr'><strong>est</strong></span> <span class='ocrx_word' id='word_1_274' title='bbox 2111 2140 2437 2203; x_wconf 85' lang='lat' dir='ltr'><strong>beatitudo</strong></span> <span class='ocrx_word' id='word_1_275' title='bbox 2481 2146 2733 2201; x_wconf 81' lang='lat' dir='ltr'><strong>aeterna.</strong></span> 
     </span>
    </p>

    <p class='ocr_par' dir='ltr' id='par_1_16' title="bbox 1973 2234 3474 2711">
     <span class='ocr_line' id='line_1_46' title="bbox 2051 2234 3470 2320; baseline -0.003 -20"><span class='ocrx_word' id='word_1_276' title='bbox 2051 2239 2192 2300; x_wconf 83' lang='lat' dir='ltr'><strong>Istae</strong></span> <span class='ocrx_word' id='word_1_277' title='bbox 2237 2237 2664 2320; x_wconf 86' lang='lat' dir='ltr'><strong>expositiones</strong></span> <span class='ocrx_word' id='word_1_278' title='bbox 2723 2237 3074 2320; x_wconf 90' lang='lat' dir='ltr'><strong>procedunt</strong></span> <span class='ocrx_word' id='word_1_279' title='bbox 3122 2234 3470 2298; x_wconf 91' lang='lat' dir='ltr'><strong>secundum</strong></span> 
     </span>
     <span class='ocr_line' id='line_1_47' title="bbox 1973 2334 3474 2417; baseline -0.001 -18"><span class='ocrx_word' id='word_1_280' title='bbox 1973 2336 2396 2400; x_wconf 87' lang='lat' dir='ltr'><strong>intentionem</strong></span> <span class='ocrx_word' id='word_1_281' title='bbox 2426 2335 2782 2417; x_wconf 80' lang='lat' dir='ltr'><strong>Augustini.</strong></span> <span class='ocrx_word' id='word_1_282' title='bbox 2803 2334 3284 2417; x_wconf 80' lang='lat' dir='ltr'><strong>chrysostomus</strong></span> <span class='ocrx_word' id='word_1_283' title='bbox 3324 2351 3474 2397; x_wconf 89' lang='lat' dir='ltr'><strong>vero</strong></span> 
     </span>
     <span class='ocr_line' id='line_1_48' title="bbox 1974 2431 3468 2516; baseline -0.005 -18"><span class='ocrx_word' id='word_1_284' title='bbox 1974 2433 2238 2516; x_wconf 88' lang='lat' dir='ltr'><strong>exponit</strong></span> <span class='ocrx_word' id='word_1_285' title='bbox 2267 2434 2344 2496; x_wconf 92' lang='lat' dir='ltr'><strong>de</strong></span> <span class='ocrx_word' id='word_1_286' title='bbox 2373 2439 2580 2510; x_wconf 87' lang='lat' dir='ltr'><strong>vento,</strong></span> <span class='ocrx_word' id='word_1_287' title='bbox 2605 2433 2691 2495; x_wconf 90' lang='lat' dir='ltr'><strong>ita</strong></span> <span class='ocrx_word' id='word_1_288' title='bbox 2719 2433 2890 2514; x_wconf 92' lang='lat' dir='ltr'><strong>quod</strong></span> <span class='ocrx_word' id='word_1_289' title='bbox 2921 2431 3274 2494; x_wconf 88' lang='lat' dir='ltr'><strong>secundum</strong></span> <span class='ocrx_word' id='word_1_290' title='bbox 3304 2448 3468 2506; x_wconf 92' lang='lat' dir='ltr'><strong>eum,</strong></span> 
     </span>
     <span class='ocr_line' id='line_1_49' title="bbox 1975 2527 3474 2611; baseline -0.003 -15"><span class='ocrx_word' id='word_1_291' title='bbox 1975 2533 2261 2598; x_wconf 89' lang='lat' dir='ltr'><strong>Christus</strong></span> <span class='ocrx_word' id='word_1_292' title='bbox 2322 2531 2568 2594; x_wconf 90' lang='lat' dir='ltr'><strong>inducit</strong></span> <span class='ocrx_word' id='word_1_293' title='bbox 2617 2529 2986 2611; x_wconf 89' lang='lat' dir='ltr'><strong>exemplum</strong></span> <span class='ocrx_word' id='word_1_294' title='bbox 3044 2527 3346 2591; x_wconf 92' lang='lat' dir='ltr'><strong>sensibile</strong></span> <span class='ocrx_word' id='word_1_295' title='bbox 3393 2529 3474 2591; x_wconf 90' lang='lat' dir='ltr'><strong>ad</strong></span> 
     </span>
     <span class='ocr_line' id='line_1_50' title="bbox 1975 2626 3471 2711; baseline -0.003 -17"><span class='ocrx_word' id='word_1_296' title='bbox 1975 2629 2462 2711; x_wconf 81' lang='lat' dir='ltr'><strong>intelligentiam</strong></span> <span class='ocrx_word' id='word_1_297' title='bbox 2522 2628 2989 2710; x_wconf 82' lang='lat' dir='ltr'><strong>praedictorum.</strong></span> <span class='ocrx_word' id='word_1_298' title='bbox 3039 2627 3356 2705; x_wconf 79' lang='lat' dir='ltr'><strong>Spiritus,</strong></span> <span class='ocrx_word' id='word_1_299' title='bbox 3407 2626 3471 2689; x_wconf 92' lang='lat' dir='ltr'><strong>id</strong></span> 
     </span>
    </p>
   </div>
   <div class='ocr_carea' id='block_1_16' title="bbox 1974 2723 3762 2923">
    <p class='ocr_par' dir='ltr' id='par_1_17' title="bbox 1974 2723 3762 2923">
     <span class='ocr_line' id='line_1_51' title="bbox 1974 2723 3759 2852; baseline -0.002 -60"><span class='ocrx_word' id='word_1_300' title='bbox 1974 2737 2072 2792; x_wconf 89' lang='lat' dir='ltr'><strong>est</strong></span> <span class='ocrx_word' id='word_1_301' title='bbox 2111 2735 2338 2791; x_wconf 89' lang='lat' dir='ltr'><strong>ventus</strong></span> <span class='ocrx_word' id='word_1_302' title='bbox 2366 2727 2474 2808; x_wconf 91' lang='lat' dir='ltr'><strong>(de</strong></span> <span class='ocrx_word' id='word_1_303' title='bbox 2513 2745 2641 2807; x_wconf 92' lang='lat' dir='ltr'><strong>quo</strong></span> <span class='ocrx_word' id='word_1_304' title='bbox 2680 2725 2746 2786; x_wconf 89' lang='lat' dir='ltr'><strong>in</strong></span> <span class='ocrx_word' id='word_1_305' title='bbox 2780 2724 3025 2788; x_wconf 89' lang='lat' dir='ltr'><strong>Psalmo</strong></span> <span class='ocrx_word' id='word_1_306' title='bbox 3059 2744 3073 2788; x_wconf 91' lang='lat'><strong>:</strong></span> <span class='ocrx_word' id='word_1_307' title='bbox 3105 2723 3309 2786; x_wconf 86' lang='lat' dir='ltr'><strong>Flabit</strong></span> <span class='ocrx_word' id='word_1_308' title='bbox 3347 2724 3759 2852; x_wconf 50' lang='lat' dir='ltr'><strong>spi-¹15⁸.‹2mn,</strong></span> 
     </span>
     <span class='ocr_line' id='line_1_52' title="bbox 3497 2871 3762 2923; baseline 0 -9"><span class='ocrx_word' id='word_1_309' title='bbox 3497 2871 3762 2923; x_wconf 53' lang='lat' dir='ltr'><strong>paenas.</strong></span> 
     </span>
    </p>
   </div>
   <div class='ocr_carea' id='block_1_17' title="bbox 1974 2821 3472 3005">
    <p class='ocr_par' dir='ltr' id='par_1_18' title="bbox 1974 2821 3472 3005">
     <span class='ocr_line' id='line_1_53' title="bbox 1976 2821 3472 2907; baseline -0.003 -18"><span class='ocrx_word' id='word_1_310' title='bbox 1976 2827 2136 2890; x_wconf 89' lang='lat' dir='ltr'><strong>ritus</strong></span> <span class='ocrx_word' id='word_1_311' title='bbox 2186 2825 2347 2907; x_wconf 76' lang='lat' dir='ltr'><strong>ejuS,</strong></span> <span class='ocrx_word' id='word_1_312' title='bbox 2390 2831 2452 2886; x_wconf 91' lang='lat' dir='ltr'><strong>et</strong></span> <span class='ocrx_word' id='word_1_313' title='bbox 2490 2823 2697 2886; x_wconf 78' lang='lat' dir='ltr'><strong>fluent</strong></span> <span class='ocrx_word' id='word_1_314' title='bbox 2737 2841 2961 2905; x_wconf 79' lang='lat' dir='ltr'><strong>aquae3</strong></span> <span class='ocrx_word' id='word_1_315' title='bbox 3015 2830 3078 2885; x_wconf 90' lang='lat' dir='ltr'><strong>et</strong></span> <span class='ocrx_word' id='word_1_316' title='bbox 3120 2841 3363 2897; x_wconf 80' lang='lat' dir='ltr'><strong>rursuS,</strong></span> <span class='ocrx_word' id='word_1_317' title='bbox 3395 2821 3472 2884; x_wconf 90' lang='lat' dir='ltr'><strong>Et</strong></span> 
     </span>
     <span class='ocr_line' id='line_1_54' title="bbox 1974 2920 3466 3005; baseline -0.003 -18"><span class='ocrx_word' id='word_1_318' title='bbox 1974 2925 2147 2988; x_wconf 91' lang='lat' dir='ltr'><strong>stetit</strong></span> <span class='ocrx_word' id='word_1_319' title='bbox 2197 2922 2460 3005; x_wconf 88' lang='lat' dir='ltr'><strong>spiritus</strong></span> <span class='ocrx_word' id='word_1_320' title='bbox 2510 2921 2852 3004; x_wconf 83' lang='lat' dir='ltr'><strong>procellae),</strong></span> <span class='ocrx_word' id='word_1_321' title='bbox 2901 2923 3012 2982; x_wconf 85' lang='lat' dir='ltr'><strong>ubi</strong></span> <span class='ocrx_word' id='word_1_322' title='bbox 3050 2925 3208 2993; x_wconf 81' lang='lat' dir='ltr'><strong>vult,</strong></span> <span class='ocrx_word' id='word_1_323' title='bbox 3243 2920 3306 2982; x_wconf 91' lang='lat' dir='ltr'><strong>id</strong></span> <span class='ocrx_word' id='word_1_324' title='bbox 3349 2927 3466 2996; x_wconf 90' lang='lat' dir='ltr'><strong>est,</strong></span> 
     </span>
    </p>
   </div>
   <div class='ocr_carea' id='block_1_18' title="bbox 346 3017 3472 3106">
    <p class='ocr_par' dir='ltr' id='par_1_19' title="bbox 346 3017 3472 3106">
     <span class='ocr_line' id='line_1_55' title="bbox 346 3017 3472 3106; baseline -0.003 -18"><span class='ocrx_word' id='word_1_325' title='bbox 346 3023 663 3089; x_wconf 85' lang='lat' dir='ltr'><strong>audisset.</strong></span> <span class='ocrx_word' id='word_1_326' title='bbox 715 3026 851 3086; x_wconf 82' lang='lat' dir='ltr'><strong>Sed</strong></span> <span class='ocrx_word' id='word_1_327' title='bbox 894 3043 1025 3086; x_wconf 76' lang='lat' dir='ltr'><strong>non</strong></span> <span class='ocrx_word' id='word_1_328' title='bbox 1066 3026 1190 3086; x_wconf 80' lang='lat' dir='ltr'><strong>scis</strong></span> <span class='ocrx_word' id='word_1_329' title='bbox 1240 3029 1413 3087; x_wconf 80' lang='lat' dir='ltr'><strong>unde</strong></span> <span class='ocrx_word' id='word_1_330' title='bbox 1461 3026 1681 3086; x_wconf 78' lang='lat' dir='ltr'><strong>veniat</strong></span> <span class='ocrx_word' id='word_1_331' title='bbox 1728 3022 1867 3106; x_wconf 89' lang='lat' dir='ltr'><strong>Spi-</strong></span> <span class='ocrx_word' id='word_1_332' title='bbox 1900 3022 2041 3086; x_wconf 91' lang='lat' dir='ltr'><strong>Cin</strong></span> <span class='ocrx_word' id='word_1_333' title='bbox 2082 3041 2212 3104; x_wconf 91' lang='lat' dir='ltr'><strong>quo</strong></span> <span class='ocrx_word' id='word_1_334' title='bbox 2260 3021 2626 3094; x_wconf 89' lang='lat' dir='ltr'><strong>inclinatur,</strong></span> <span class='ocrx_word' id='word_1_335' title='bbox 2671 3021 2900 3099; x_wconf 77' lang='lat' dir='ltr'><strong>spirat,</strong></span> <span class='ocrx_word' id='word_1_336' title='bbox 2941 3017 3004 3081; x_wconf 90' lang='lat' dir='ltr'><strong>id</strong></span> <span class='ocrx_word' id='word_1_337' title='bbox 3053 3025 3166 3096; x_wconf 90' lang='lat' dir='ltr'><strong>est,</strong></span> <span class='ocrx_word' id='word_1_338' title='bbox 3207 3017 3360 3096; x_wconf 87' lang='lat' dir='ltr'><strong>flat;</strong></span> <span class='ocrx_word' id='word_1_339' title='bbox 3408 3029 3472 3081; x_wconf 79' lang='lat' dir='ltr'><strong>et</strong></span> 
     </span>
    </p>
   </div>
   <div class='ocr_carea' id='block_1_19' title="bbox 344 3121 1866 4187">
    <p class='ocr_par' dir='ltr' id='par_1_20' title="bbox 344 3121 1866 4187">
     <span class='ocr_line' id='line_1_56' title="bbox 350 3121 1863 3206; baseline -0.003 -18"><span class='ocrx_word' id='word_1_340' title='bbox 350 3124 523 3188; x_wconf 84' lang='lat' dir='ltr'><strong>ritus</strong></span> <span class='ocrx_word' id='word_1_341' title='bbox 571 3122 862 3200; x_wconf 86' lang='lat' dir='ltr'><strong>Sanctus,</strong></span> <span class='ocrx_word' id='word_1_342' title='bbox 915 3121 979 3184; x_wconf 93' lang='lat' dir='ltr'><strong>id</strong></span> <span class='ocrx_word' id='word_1_343' title='bbox 1038 3129 1155 3200; x_wconf 87' lang='lat' dir='ltr'><strong>est,</strong></span> <span class='ocrx_word' id='word_1_344' title='bbox 1206 3125 1529 3206; x_wconf 86' lang='lat' dir='ltr'><strong>quomodo</strong></span> <span class='ocrx_word' id='word_1_345' title='bbox 1585 3130 1863 3185; x_wconf 88' lang='lat' dir='ltr'><strong>mentem</strong></span> 
     </span>
     <span class='ocr_line' id='line_1_57' title="bbox 348 3221 1859 3304; baseline -0.001 -19"><span class='ocrx_word' id='word_1_346' title='bbox 348 3221 503 3304; x_wconf 83' lang='lat' dir='ltr'><strong>ejus</strong></span> <span class='ocrx_word' id='word_1_347' title='bbox 561 3221 675 3284; x_wconf 88' lang='lat' dir='ltr'><strong>ubi</strong></span> <span class='ocrx_word' id='word_1_348' title='bbox 732 3221 936 3304; x_wconf 82' lang='lat' dir='ltr'><strong>spirat</strong></span> <span class='ocrx_word' id='word_1_349' title='bbox 989 3228 1052 3284; x_wconf 87' lang='lat' dir='ltr'><strong>et</strong></span> <span class='ocrx_word' id='word_1_350' title='bbox 1106 3221 1392 3304; x_wconf 90' lang='lat' dir='ltr'><strong>loquitur</strong></span> <span class='ocrx_word' id='word_1_351' title='bbox 1447 3221 1859 3302; x_wconf 84' lang='lat' dir='ltr'><strong>ingrediatur,</strong></span> 
     </span>
     <span class='ocr_line' id='line_1_58' title="bbox 350 3321 1865 3403; baseline -0.001 -19"><span class='ocrx_word' id='word_1_352' title='bbox 350 3340 493 3385; x_wconf 87' lang='lat' dir='ltr'><strong>non</strong></span> <span class='ocrx_word' id='word_1_353' title='bbox 538 3321 843 3403; x_wconf 90' lang='lat' dir='ltr'><strong>percipis,</strong></span> <span class='ocrx_word' id='word_1_354' title='bbox 876 3331 993 3382; x_wconf 80' lang='lat' dir='ltr'><strong>aut</strong></span> <span class='ocrx_word' id='word_1_355' title='bbox 1030 3341 1154 3399; x_wconf 83' lang='lat' dir='ltr'><strong>quo</strong></span> <span class='ocrx_word' id='word_1_356' title='bbox 1192 3324 1414 3393; x_wconf 83' lang='lat' dir='ltr'><strong>vadat,</strong></span> <span class='ocrx_word' id='word_1_357' title='bbox 1448 3321 1512 3382; x_wconf 93' lang='lat' dir='ltr'><strong>id</strong></span> <span class='ocrx_word' id='word_1_358' title='bbox 1554 3327 1671 3394; x_wconf 90' lang='lat' dir='ltr'><strong>est,</strong></span> <span class='ocrx_word' id='word_1_359' title='bbox 1703 3339 1865 3402; x_wconf 87' lang='lat' dir='ltr'><strong>qua-</strong></span> 
     </span>
     <span class='ocr_line' id='line_1_59' title="bbox 350 3417 1865 3500; baseline -0.002 -18"><span class='ocrx_word' id='word_1_360' title='bbox 350 3419 513 3482; x_wconf 88' lang='lat' dir='ltr'><strong>liter</strong></span> <span class='ocrx_word' id='word_1_361' title='bbox 570 3419 821 3482; x_wconf 82' lang='lat' dir='ltr'><strong>recedat</strong></span> <span class='ocrx_word' id='word_1_362' title='bbox 873 3419 1145 3500; x_wconf 84' lang='lat' dir='ltr'><strong>ignoras.</strong></span> <span class='ocrx_word' id='word_1_363' title='bbox 1196 3417 1373 3481; x_wconf 92' lang='lat' dir='ltr'><strong>Unde</strong></span> <span class='ocrx_word' id='word_1_364' title='bbox 1430 3436 1547 3500; x_wconf 90' lang='lat' dir='ltr'><strong>per</strong></span> <span class='ocrx_word' id='word_1_365' title='bbox 1588 3417 1704 3482; x_wconf 82' lang='lat' dir='ltr'><strong>Iob</strong></span> <span class='ocrx_word' id='word_1_366' title='bbox 1764 3418 1865 3480; x_wconf 90' lang='lat' dir='ltr'><strong>in-</strong></span> 
     </span>
     <span class='ocr_line' id='line_1_60' title="bbox 352 3514 1864 3590; baseline -0.001 -10"><span class='ocrx_word' id='word_1_367' title='bbox 352 3516 623 3580; x_wconf 89' lang='lat' dir='ltr'><strong>ducitur</strong></span> <span class='ocrx_word' id='word_1_368' title='bbox 674 3534 689 3579; x_wconf 87' lang='lat'>:</span> <span class='ocrx_word' id='word_1_369' title='bbox 742 3514 807 3577; x_wconf 93' lang='lat' dir='ltr'><strong>Si</strong></span> <span class='ocrx_word' id='word_1_370' title='bbox 858 3515 1106 3578; x_wconf 88' lang='lat' dir='ltr'><strong>venerit</strong></span> <span class='ocrx_word' id='word_1_371' title='bbox 1150 3516 1229 3577; x_wconf 89' lang='lat' dir='ltr'><strong>ad</strong></span> <span class='ocrx_word' id='word_1_372' title='bbox 1280 3533 1403 3590; x_wconf 91' lang='lat' dir='ltr'><strong>me,</strong></span> <span class='ocrx_word' id='word_1_373' title='bbox 1458 3534 1584 3578; x_wconf 91' lang='lat' dir='ltr'><strong>non</strong></span> <span class='ocrx_word' id='word_1_374' title='bbox 1635 3514 1864 3579; x_wconf 90' lang='lat' dir='ltr'><strong>videbo</strong></span> 
     </span>
     <span class='ocr_line' id='line_1_61' title="bbox 350 3613 1865 3696; baseline -0.003 -17"><span class='ocrx_word' id='word_1_375' title='bbox 350 3635 553 3696; x_wconf 84' lang='lat' dir='ltr'><strong>eum3</strong></span> <span class='ocrx_word' id='word_1_376' title='bbox 606 3621 670 3677; x_wconf 89' lang='lat' dir='ltr'><strong>et</strong></span> <span class='ocrx_word' id='word_1_377' title='bbox 716 3614 771 3676; x_wconf 94' lang='lat' dir='ltr'><strong>si</strong></span> <span class='ocrx_word' id='word_1_378' title='bbox 818 3613 1155 3676; x_wconf 90' lang='lat' dir='ltr'><strong>recesserit</strong></span> <span class='ocrx_word' id='word_1_379' title='bbox 1200 3632 1238 3675; x_wconf 92' lang='lat' dir='ltr'><strong>a</strong></span> <span class='ocrx_word' id='word_1_380' title='bbox 1285 3631 1409 3688; x_wconf 91' lang='lat' dir='ltr'><strong>me,</strong></span> <span class='ocrx_word' id='word_1_381' title='bbox 1458 3632 1584 3676; x_wconf 92' lang='lat' dir='ltr'><strong>non</strong></span> <span class='ocrx_word' id='word_1_382' title='bbox 1630 3613 1865 3675; x_wconf 91' lang='lat' dir='ltr'><strong>intelli-</strong></span> 
     </span>
     <span class='ocr_line' id='line_1_62' title="bbox 344 3710 1866 3797; baseline -0.003 -21"><span class='ocrx_word' id='word_1_383' title='bbox 344 3733 528 3797; x_wconf 82' lang='lat' dir='ltr'><strong>gam.</strong></span> <span class='ocrx_word' id='word_1_384' title='bbox 545 3713 679 3776; x_wconf 90' lang='lat' dir='ltr'><strong>Imo</strong></span> <span class='ocrx_word' id='word_1_385' title='bbox 708 3711 927 3775; x_wconf 89' lang='lat' dir='ltr'><strong>nullus</strong></span> <span class='ocrx_word' id='word_1_386' title='bbox 958 3712 1161 3775; x_wconf 87' lang='lat' dir='ltr'><strong>viator</strong></span> <span class='ocrx_word' id='word_1_387' title='bbox 1189 3711 1309 3774; x_wconf 91' lang='lat' dir='ltr'><strong>scit</strong></span> <span class='ocrx_word' id='word_1_388' title='bbox 1338 3710 1866 3773; x_wconf 88' lang='lat' dir='ltr'><strong>certitudinaliter</strong></span> 
     </span>
     <span class='ocr_line' id='line_1_63' title="bbox 347 3807 1861 3892; baseline -0.004 -16"><span class='ocrx_word' id='word_1_389' title='bbox 347 3812 605 3892; x_wconf 84' lang='lat' dir='ltr'><strong>absque</strong></span> <span class='ocrx_word' id='word_1_390' title='bbox 664 3810 1073 3884; x_wconf 84' lang='lat' dir='ltr'><strong>revelatione,</strong></span> <span class='ocrx_word' id='word_1_391' title='bbox 1122 3829 1205 3872; x_wconf 89' lang='lat' dir='ltr'><strong>an</strong></span> <span class='ocrx_word' id='word_1_392' title='bbox 1265 3807 1539 3890; x_wconf 86' lang='lat' dir='ltr'><strong>Spiritus</strong></span> <span class='ocrx_word' id='word_1_393' title='bbox 1597 3807 1861 3870; x_wconf 90' lang='lat' dir='ltr'><strong>Sanctus</strong></span> 
     </span>
     <span class='ocr_line' id='line_1_64' title="bbox 346 3904 1857 3990; baseline -0.004 -16"><span class='ocrx_word' id='word_1_394' title='bbox 346 3911 437 3974; x_wconf 90' lang='lat' dir='ltr'><strong>sit</strong></span> <span class='ocrx_word' id='word_1_395' title='bbox 468 3910 539 3972; x_wconf 92' lang='lat' dir='ltr'><strong>in</strong></span> <span class='ocrx_word' id='word_1_396' title='bbox 578 3908 721 3990; x_wconf 92' lang='lat' dir='ltr'><strong>ipso</strong></span> <span class='ocrx_word' id='word_1_397' title='bbox 760 3925 875 3990; x_wconf 94' lang='lat' dir='ltr'><strong>per</strong></span> <span class='ocrx_word' id='word_1_398' title='bbox 901 3908 1170 3989; x_wconf 83' lang='lat' dir='ltr'><strong>gratiam</strong></span> <span class='ocrx_word' id='word_1_399' title='bbox 1206 3914 1458 3988; x_wconf 83' lang='lat' dir='ltr'><strong>gratum</strong></span> <span class='ocrx_word' id='word_1_400' title='bbox 1496 3904 1857 3981; x_wconf 88' lang='lat' dir='ltr'><strong>facientem,</strong></span> 
     </span>
     <span class='ocr_line' id='line_1_65' title="bbox 345 4005 1861 4091; baseline -0.001 -20"><span class='ocrx_word' id='word_1_401' title='bbox 345 4008 513 4091; x_wconf 84' lang='lat' dir='ltr'><strong>quia</strong></span> <span class='ocrx_word' id='word_1_402' title='bbox 558 4013 715 4069; x_wconf 90' lang='lat' dir='ltr'><strong>tunc</strong></span> <span class='ocrx_word' id='word_1_403' title='bbox 762 4006 954 4070; x_wconf 88' lang='lat' dir='ltr'><strong>sciret</strong></span> <span class='ocrx_word' id='word_1_404' title='bbox 1002 4023 1070 4068; x_wconf 92' lang='lat' dir='ltr'><strong>se</strong></span> <span class='ocrx_word' id='word_1_405' title='bbox 1118 4006 1383 4086; x_wconf 84' lang='lat' dir='ltr'><strong>dignum</strong></span> <span class='ocrx_word' id='word_1_406' title='bbox 1430 4023 1665 4069; x_wconf 89' lang='lat' dir='ltr'><strong>amore.</strong></span> <span class='ocrx_word' id='word_1_407' title='bbox 1717 4005 1861 4069; x_wconf 92' lang='lat' dir='ltr'><strong>ldeo</strong></span> 
     </span>
     <span class='ocr_line' id='line_1_66' title="bbox 346 4102 1862 4187; baseline -0.003 -18"><span class='ocrx_word' id='word_1_408' title='bbox 346 4109 479 4170; x_wconf 89' lang='lat' dir='ltr'><strong>hoc</strong></span> <span class='ocrx_word' id='word_1_409' title='bbox 526 4105 716 4169; x_wconf 91' lang='lat' dir='ltr'><strong>modo</strong></span> <span class='ocrx_word' id='word_1_410' title='bbox 754 4103 1030 4187; x_wconf 89' lang='lat' dir='ltr'><strong>Spiritus</strong></span> <span class='ocrx_word' id='word_1_411' title='bbox 1074 4102 1339 4166; x_wconf 89' lang='lat' dir='ltr'><strong>Sanctus</strong></span> <span class='ocrx_word' id='word_1_412' title='bbox 1382 4102 1862 4185; x_wconf 87' lang='lat' dir='ltr'><strong>imperceptibi-</strong></span> 
     </span>
    </p>
   </div>
   <div class='ocr_carea' id='block_1_20' title="bbox 1970 3117 3472 4179">
    <p class='ocr_par' dir='ltr' id='par_1_21' title="bbox 1970 3117 3472 4179">
     <span class='ocr_line' id='line_1_67' title="bbox 1973 3117 3470 3196; baseline -0.002 -14"><span class='ocrx_word' id='word_1_413' title='bbox 1973 3141 2210 3188; x_wconf 80' lang='lat' dir='ltr'><strong>vocem,</strong></span> <span class='ocrx_word' id='word_1_414' title='bbox 2243 3120 2307 3181; x_wconf 93' lang='lat' dir='ltr'><strong>id</strong></span> <span class='ocrx_word' id='word_1_415' title='bbox 2348 3126 2446 3181; x_wconf 94' lang='lat' dir='ltr'><strong>est</strong></span> <span class='ocrx_word' id='word_1_416' title='bbox 2492 3136 2744 3191; x_wconf 91' lang='lat' dir='ltr'><strong>sonum,</strong></span> <span class='ocrx_word' id='word_1_417' title='bbox 2776 3119 2918 3196; x_wconf 80' lang='lat' dir='ltr'><strong>ejus</strong></span> <span class='ocrx_word' id='word_1_418' title='bbox 2955 3117 3175 3187; x_wconf 82' lang='lat' dir='ltr'><strong>audis,</strong></span> <span class='ocrx_word' id='word_1_419' title='bbox 3201 3119 3312 3178; x_wconf 82' lang='lat' dir='ltr'><strong>sed</strong></span> <span class='ocrx_word' id='word_1_420' title='bbox 3338 3137 3470 3179; x_wconf 78' lang='lat' dir='ltr'><strong>non·</strong></span> 
     </span>
     <span class='ocr_line' id='line_1_68' title="bbox 1971 3217 3466 3297; baseline -0.003 -16"><span class='ocrx_word' id='word_1_421' title='bbox 1971 3222 2099 3282; x_wconf 77' lang='lat' dir='ltr'><strong>scis</strong></span> <span class='ocrx_word' id='word_1_422' title='bbox 2142 3221 2318 3280; x_wconf 80' lang='lat' dir='ltr'><strong>unde</strong></span> <span class='ocrx_word' id='word_1_423' title='bbox 2359 3220 2603 3288; x_wconf 78' lang='lat' dir='ltr'><strong>veniat,</strong></span> <span class='ocrx_word' id='word_1_424' title='bbox 2642 3226 2758 3278; x_wconf 80' lang='lat' dir='ltr'><strong>aut</strong></span> <span class='ocrx_word' id='word_1_425' title='bbox 2800 3235 2924 3297; x_wconf 80' lang='lat' dir='ltr'><strong>quo</strong></span> <span class='ocrx_word' id='word_1_426' title='bbox 2972 3217 3170 3277; x_wconf 76' lang='lat' dir='ltr'><strong>vadat</strong></span> <span class='ocrx_word' id='word_1_427' title='bbox 3215 3223 3466 3292; x_wconf 85' lang='lat' dir='ltr'><strong>ventus,</strong></span> 
     </span>
     <span class='ocr_line' id='line_1_69' title="bbox 1975 3312 3470 3395; baseline -0.004 -13"><span class='ocrx_word' id='word_1_428' title='bbox 1975 3318 2039 3382; x_wconf 91' lang='lat' dir='ltr'><strong>id</strong></span> <span class='ocrx_word' id='word_1_429' title='bbox 2078 3325 2175 3380; x_wconf 89' lang='lat' dir='ltr'><strong>est</strong></span> <span class='ocrx_word' id='word_1_430' title='bbox 2205 3324 2448 3379; x_wconf 91' lang='lat' dir='ltr'><strong>certum</strong></span> <span class='ocrx_word' id='word_1_431' title='bbox 2482 3315 2692 3379; x_wconf 90' lang='lat' dir='ltr'><strong>locum</strong></span> <span class='ocrx_word' id='word_1_432' title='bbox 2723 3313 2834 3376; x_wconf 91' lang='lat' dir='ltr'><strong>ubi</strong></span> <span class='ocrx_word' id='word_1_433' title='bbox 2864 3312 3024 3376; x_wconf 88' lang='lat' dir='ltr'><strong>flare</strong></span> <span class='ocrx_word' id='word_1_434' title='bbox 3054 3312 3334 3395; x_wconf 88' lang='lat' dir='ltr'><strong>incipiat,</strong></span> <span class='ocrx_word' id='word_1_435' title='bbox 3369 3313 3470 3377; x_wconf 87' lang='lat' dir='ltr'><strong>vel</strong></span> 
     </span>
     <span class='ocr_line' id='line_1_70' title="bbox 1974 3411 3472 3494; baseline -0.005 -13"><span class='ocrx_word' id='word_1_436' title='bbox 1974 3417 2255 3481; x_wconf 87' lang='lat' dir='ltr'><strong>desistat.</strong></span> <span class='ocrx_word' id='word_1_437' title='bbox 2297 3414 2442 3477; x_wconf 80' lang='lat' dir='ltr'><strong>Haec</strong></span> <span class='ocrx_word' id='word_1_438' title='bbox 2488 3412 2801 3494; x_wconf 85' lang='lat' dir='ltr'><strong>expositio</strong></span> <span class='ocrx_word' id='word_1_439' title='bbox 2848 3431 2976 3476; x_wconf 92' lang='lat' dir='ltr'><strong>non</strong></span> <span class='ocrx_word' id='word_1_440' title='bbox 3017 3411 3264 3475; x_wconf 87' lang='lat' dir='ltr'><strong>videtur</strong></span> <span class='ocrx_word' id='word_1_441' title='bbox 3306 3413 3472 3474; x_wconf 91' lang='lat' dir='ltr'><strong>mul-</strong></span> 
     </span>
     <span class='ocr_line' id='line_1_71' title="bbox 1972 3505 3465 3587; baseline -0.003 -9"><span class='ocrx_word' id='word_1_442' title='bbox 1972 3524 2109 3578; x_wconf 89' lang='lat' dir='ltr'><strong>tum</strong></span> <span class='ocrx_word' id='word_1_443' title='bbox 2155 3505 2540 3578; x_wconf 70' lang='lat' dir='ltr'><strong>conveniens</strong></span> <span class='ocrx_word' id='word_1_444' title='bbox 2582 3511 2726 3573; x_wconf 87' lang='lat' dir='ltr'><strong>aliis</strong></span> <span class='ocrx_word' id='word_1_445' title='bbox 2761 3529 2776 3574; x_wconf 91' lang='lat'>:</span> <span class='ocrx_word' id='word_1_446' title='bbox 2810 3510 3018 3574; x_wconf 89' lang='lat' dir='ltr'><strong>Primo</strong></span> <span class='ocrx_word' id='word_1_447' title='bbox 3061 3516 3125 3572; x_wconf 90' lang='lat' dir='ltr'><strong>et</strong></span> <span class='ocrx_word' id='word_1_448' title='bbox 3169 3509 3465 3587; x_wconf 87' lang='lat' dir='ltr'><strong>maxime,</strong></span> 
     </span>
     <span class='ocr_line' id='line_1_72' title="bbox 1970 3607 3472 3695; baseline -0.003 -19"><span class='ocrx_word' id='word_1_449' title='bbox 1970 3613 2276 3695; x_wconf 84' lang='lat' dir='ltr'><strong>quoniam</strong></span> <span class='ocrx_word' id='word_1_450' title='bbox 2309 3609 2594 3673; x_wconf 85' lang='lat' dir='ltr'><strong>Christus</strong></span> <span class='ocrx_word' id='word_1_451' title='bbox 2633 3610 2752 3672; x_wconf 92' lang='lat' dir='ltr'><strong>hoc</strong></span> <span class='ocrx_word' id='word_1_452' title='bbox 2783 3609 2919 3673; x_wconf 92' lang='lat' dir='ltr'><strong>loco</strong></span> <span class='ocrx_word' id='word_1_453' title='bbox 2956 3607 3326 3690; x_wconf 86' lang='lat' dir='ltr'><strong>frequenter</strong></span> <span class='ocrx_word' id='word_1_454' title='bbox 3356 3627 3472 3691; x_wconf 90' lang='lat' dir='ltr'><strong>per</strong></span> 
     </span>
     <span class='ocr_line' id='line_1_73' title="bbox 1973 3705 3470 3793; baseline -0.002 -20"><span class='ocrx_word' id='word_1_455' title='bbox 1973 3711 2294 3793; x_wconf 89' lang='lat' dir='ltr'><strong>spiritum,</strong></span> <span class='ocrx_word' id='word_1_456' title='bbox 2331 3708 2647 3770; x_wconf 87' lang='lat' dir='ltr'><strong>intellexit</strong></span> <span class='ocrx_word' id='word_1_457' title='bbox 2677 3706 2985 3790; x_wconf 89' lang='lat' dir='ltr'><strong>Spiritum</strong></span> <span class='ocrx_word' id='word_1_458' title='bbox 3015 3705 3335 3781; x_wconf 87' lang='lat' dir='ltr'><strong>Sanctum,</strong></span> <span class='ocrx_word' id='word_1_459' title='bbox 3369 3708 3470 3771; x_wconf 89' lang='lat' dir='ltr'><strong>vel</strong></span> 
     </span>
     <span class='ocr_line' id='line_1_74' title="bbox 1972 3805 3470 3891; baseline -0.003 -20"><span class='ocrx_word' id='word_1_460' title='bbox 1972 3807 2372 3891; x_wconf 88' lang='lat' dir='ltr'><strong>spiritualem</strong></span> <span class='ocrx_word' id='word_1_461' title='bbox 2423 3805 2786 3868; x_wconf 89' lang='lat' dir='ltr'><strong>essentiam.</strong></span> <span class='ocrx_word' id='word_1_462' title='bbox 2825 3805 3002 3867; x_wconf 92' lang='lat' dir='ltr'><strong>Unde</strong></span> <span class='ocrx_word' id='word_1_463' title='bbox 3048 3823 3176 3868; x_wconf 90' lang='lat' dir='ltr'><strong>non</strong></span> <span class='ocrx_word' id='word_1_464' title='bbox 3223 3811 3318 3866; x_wconf 91' lang='lat' dir='ltr'><strong>est</strong></span> <span class='ocrx_word' id='word_1_465' title='bbox 3366 3823 3470 3868; x_wconf 91' lang='lat' dir='ltr'><strong>ve-</strong></span> 
     </span>
     <span class='ocr_line' id='line_1_75' title="bbox 1971 3900 3472 3986; baseline -0.005 -17"><span class='ocrx_word' id='word_1_466' title='bbox 1971 3905 2241 3969; x_wconf 89' lang='lat' dir='ltr'><strong>risimile</strong></span> <span class='ocrx_word' id='word_1_467' title='bbox 2281 3904 2454 3986; x_wconf 90' lang='lat' dir='ltr'><strong>quod</strong></span> <span class='ocrx_word' id='word_1_468' title='bbox 2495 3921 2668 3965; x_wconf 91' lang='lat' dir='ltr'><strong>nunc</strong></span> <span class='ocrx_word' id='word_1_469' title='bbox 2705 3902 2773 3964; x_wconf 91' lang='lat' dir='ltr'><strong>in</strong></span> <span class='ocrx_word' id='word_1_470' title='bbox 2810 3902 3034 3964; x_wconf 90' lang='lat' dir='ltr'><strong>eodem</strong></span> <span class='ocrx_word' id='word_1_471' title='bbox 3077 3900 3235 3977; x_wconf 77' lang='lat'><strong>1000,</strong></span> <span class='ocrx_word' id='word_1_472' title='bbox 3269 3901 3472 3965; x_wconf 90' lang='lat' dir='ltr'><strong>nomi-</strong></span> 
     </span>
     <span class='ocr_line' id='line_1_76' title="bbox 1971 3998 3470 4086; baseline -0.005 -19"><span class='ocrx_word' id='word_1_473' title='bbox 1971 4023 2053 4067; x_wconf 93' lang='lat' dir='ltr'><strong>ne</strong></span> <span class='ocrx_word' id='word_1_474' title='bbox 2092 4003 2382 4086; x_wconf 89' lang='lat' dir='ltr'><strong>spiritus,</strong></span> <span class='ocrx_word' id='word_1_475' title='bbox 2417 4001 2704 4082; x_wconf 89' lang='lat' dir='ltr'><strong>designet</strong></span> <span class='ocrx_word' id='word_1_476' title='bbox 2742 4017 2874 4062; x_wconf 91' lang='lat' dir='ltr'><strong>rem</strong></span> <span class='ocrx_word' id='word_1_477' title='bbox 2911 3998 3322 4072; x_wconf 85' lang='lat' dir='ltr'><strong>materialem,</strong></span> <span class='ocrx_word' id='word_1_478' title='bbox 3357 4017 3470 4060; x_wconf 92' lang='lat' dir='ltr'><strong>seu</strong></span> 
     </span>
     <span class='ocr_line' id='line_1_77' title="bbox 1973 4097 3472 4179; baseline -0.006 -13"><span class='ocrx_word' id='word_1_479' title='bbox 1973 4109 2249 4167; x_wconf 88' lang='lat' dir='ltr'><strong>ventum.</strong></span> <span class='ocrx_word' id='word_1_480' title='bbox 2269 4099 2573 4173; x_wconf 89' lang='lat' dir='ltr'><strong>Secundo,</strong></span> <span class='ocrx_word' id='word_1_481' title='bbox 2600 4097 2904 4179; x_wconf 89' lang='lat' dir='ltr'><strong>quoniam</strong></span> <span class='ocrx_word' id='word_1_482' title='bbox 2936 4104 3124 4161; x_wconf 90' lang='lat' dir='ltr'><strong>vento</strong></span> <span class='ocrx_word' id='word_1_483' title='bbox 3153 4115 3280 4160; x_wconf 91' lang='lat' dir='ltr'><strong>non</strong></span> <span class='ocrx_word' id='word_1_484' title='bbox 3310 4114 3472 4159; x_wconf 89' lang='lat' dir='ltr'><strong>com-</strong></span> 
     </span>
    </p>
   </div>
   <div class='ocr_carea' id='block_1_21' title="bbox 346 4193 3471 4282">
    <p class='ocr_par' dir='ltr' id='par_1_22' title="bbox 346 4193 3471 4282">
     <span class='ocr_line' id='line_1_78' title="bbox 346 4193 3471 4282; baseline -0.004 -16"><span class='ocrx_word' id='word_1_485' title='bbox 346 4205 509 4267; x_wconf 86' lang='lat' dir='ltr'><strong>liter</strong></span> <span class='ocrx_word' id='word_1_486' title='bbox 564 4201 761 4276; x_wconf 89' lang='lat' dir='ltr'><strong>venit,</strong></span> <span class='ocrx_word' id='word_1_487' title='bbox 815 4199 1543 4282; x_wconf 88' lang='lat' dir='ltr'><strong>imperceptibiliterque</strong></span> <span class='ocrx_word' id='word_1_488' title='bbox 1598 4199 1855 4262; x_wconf 92' lang='lat' dir='ltr'><strong>recedit.</strong></span> <span class='ocrx_word' id='word_1_489' title='bbox 1892 4202 1943 4263; x_wconf 93' lang='lat' dir='ltr'><strong>D</strong></span> <span class='ocrx_word' id='word_1_490' title='bbox 1972 4199 2133 4282; x_wconf 87' lang='lat' dir='ltr'><strong>petit</strong></span> <span class='ocrx_word' id='word_1_491' title='bbox 2195 4197 2454 4280; x_wconf 89' lang='lat' dir='ltr'><strong>proprie</strong></span> <span class='ocrx_word' id='word_1_492' title='bbox 2510 4197 2824 4260; x_wconf 90' lang='lat' dir='ltr'><strong>voluntas.</strong></span> <span class='ocrx_word' id='word_1_493' title='bbox 2877 4193 3106 4268; x_wconf 89' lang='lat' dir='ltr'><strong>Tertio,</strong></span> <span class='ocrx_word' id='word_1_494' title='bbox 3167 4193 3471 4276; x_wconf 90' lang='lat' dir='ltr'><strong>quoniam</strong></span> 
     </span>
    </p>
   </div>
   <div class='ocr_carea' id='block_1_22' title="bbox 346 4298 1869 5372">
    <p class='ocr_par' dir='ltr' id='par_1_23' title="bbox 346 4298 1869 5372">
     <span class='ocr_line' id='line_1_79' title="bbox 346 4298 1861 4380; baseline -0.002 -16"><span class='ocrx_word' id='word_1_495' title='bbox 346 4302 467 4366; x_wconf 85' lang='lat' dir='ltr'><strong>Vel</strong></span> <span class='ocrx_word' id='word_1_496' title='bbox 522 4300 663 4363; x_wconf 88' lang='lat' dir='ltr'><strong>sic:</strong></span> <span class='ocrx_word' id='word_1_497' title='bbox 698 4299 931 4364; x_wconf 90' lang='lat' dir='ltr'><strong>Vocem</strong></span> <span class='ocrx_word' id='word_1_498' title='bbox 974 4299 1115 4380; x_wconf 87' lang='lat' dir='ltr'><strong>ejus</strong></span> <span class='ocrx_word' id='word_1_499' title='bbox 1162 4298 1366 4373; x_wconf 89' lang='lat' dir='ltr'><strong>audis,</strong></span> <span class='ocrx_word' id='word_1_500' title='bbox 1410 4300 1521 4361; x_wconf 91' lang='lat' dir='ltr'><strong>sed</strong></span> <span class='ocrx_word' id='word_1_501' title='bbox 1568 4317 1695 4362; x_wconf 90' lang='lat' dir='ltr'><strong>non</strong></span> <span class='ocrx_word' id='word_1_502' title='bbox 1737 4299 1861 4361; x_wconf 91' lang='lat' dir='ltr'><strong>scis</strong></span> 
     </span>
     <span class='ocr_line' id='line_1_80' title="bbox 350 4397 1857 4480; baseline -0.003 -16"><span class='ocrx_word' id='word_1_503' title='bbox 350 4401 533 4464; x_wconf 89' lang='lat' dir='ltr'><strong>unde</strong></span> <span class='ocrx_word' id='word_1_504' title='bbox 572 4398 789 4464; x_wconf 89' lang='lat' dir='ltr'><strong>veniat</strong></span> <span class='ocrx_word' id='word_1_505' title='bbox 824 4417 946 4462; x_wconf 88' lang='lat' dir='ltr'><strong>vox</strong></span> <span class='ocrx_word' id='word_1_506' title='bbox 987 4398 1128 4472; x_wconf 89' lang='lat' dir='ltr'><strong>ista,</strong></span> <span class='ocrx_word' id='word_1_507' title='bbox 1160 4404 1271 4459; x_wconf 89' lang='lat' dir='ltr'><strong>aut</strong></span> <span class='ocrx_word' id='word_1_508' title='bbox 1307 4416 1437 4478; x_wconf 91' lang='lat' dir='ltr'><strong>quo</strong></span> <span class='ocrx_word' id='word_1_509' title='bbox 1476 4398 1660 4461; x_wconf 88' lang='lat' dir='ltr'><strong>vadat</strong></span> <span class='ocrx_word' id='word_1_510' title='bbox 1698 4397 1857 4480; x_wconf 84' lang='lat' dir='ltr'><strong>ipsa,</strong></span> 
     </span>
     <span class='ocr_line' id='line_1_81' title="bbox 350 4495 1864 4578; baseline -0.003 -16"><span class='ocrx_word' id='word_1_511' title='bbox 350 4500 421 4562; x_wconf 90' lang='lat' dir='ltr'><strong>id</strong></span> <span class='ocrx_word' id='word_1_512' title='bbox 488 4506 606 4573; x_wconf 90' lang='lat' dir='ltr'><strong>est,</strong></span> <span class='ocrx_word' id='word_1_513' title='bbox 667 4496 733 4559; x_wconf 90' lang='lat' dir='ltr'><strong>id</strong></span> <span class='ocrx_word' id='word_1_514' title='bbox 789 4515 828 4558; x_wconf 87' lang='lat' dir='ltr'><strong>a</strong></span> <span class='ocrx_word' id='word_1_515' title='bbox 882 4513 1013 4578; x_wconf 90' lang='lat' dir='ltr'><strong>quo</strong></span> <span class='ocrx_word' id='word_1_516' title='bbox 1075 4495 1383 4578; x_wconf 88' lang='lat' dir='ltr'><strong>inspirata</strong></span> <span class='ocrx_word' id='word_1_517' title='bbox 1441 4503 1557 4571; x_wconf 93' lang='lat' dir='ltr'><strong>est,</strong></span> <span class='ocrx_word' id='word_1_518' title='bbox 1620 4495 1864 4559; x_wconf 91' lang='lat' dir='ltr'><strong>scilicet</strong></span> 
     </span>
     <span class='ocr_line' id='line_1_82' title="bbox 352 4592 1865 4680; baseline -0.002 -21"><span class='ocrx_word' id='word_1_519' title='bbox 352 4594 762 4680; x_wconf 89' lang='lat' dir='ltr'><strong>principium</strong></span> <span class='ocrx_word' id='word_1_520' title='bbox 810 4592 974 4675; x_wconf 85' lang='lat' dir='ltr'><strong>ejus,</strong></span> <span class='ocrx_word' id='word_1_521' title='bbox 1028 4595 1199 4675; x_wconf 92' lang='lat' dir='ltr'><strong>quod</strong></span> <span class='ocrx_word' id='word_1_522' title='bbox 1247 4600 1345 4655; x_wconf 91' lang='lat' dir='ltr'><strong>est</strong></span> <span class='ocrx_word' id='word_1_523' title='bbox 1390 4592 1665 4675; x_wconf 90' lang='lat' dir='ltr'><strong>Spiritus</strong></span> <span class='ocrx_word' id='word_1_524' title='bbox 1713 4592 1865 4656; x_wconf 88' lang='lat' dir='ltr'><strong>San-</strong></span> 
     </span>
     <span class='ocr_line' id='line_1_83' title="bbox 351 4693 1867 4775; baseline -0.004 -15"><span class='ocrx_word' id='word_1_525' title='bbox 351 4705 527 4768; x_wconf 78' lang='lat' dir='ltr'><strong>ctuS,</strong></span> <span class='ocrx_word' id='word_1_526' title='bbox 563 4693 631 4756; x_wconf 91' lang='lat' dir='ltr'><strong>id</strong></span> <span class='ocrx_word' id='word_1_527' title='bbox 678 4710 938 4775; x_wconf 86' lang='lat' dir='ltr'><strong>quoque</strong></span> <span class='ocrx_word' id='word_1_528' title='bbox 976 4693 1056 4755; x_wconf 93' lang='lat' dir='ltr'><strong>ad</strong></span> <span class='ocrx_word' id='word_1_529' title='bbox 1097 4693 1269 4774; x_wconf 91' lang='lat' dir='ltr'><strong>quod</strong></span> <span class='ocrx_word' id='word_1_530' title='bbox 1311 4693 1535 4766; x_wconf 90' lang='lat' dir='ltr'><strong>tendit,</strong></span> <span class='ocrx_word' id='word_1_531' title='bbox 1570 4693 1867 4756; x_wconf 86' lang='lat' dir='ltr'><strong>videlicet</strong></span> 
     </span>
     <span class='ocr_line' id='line_1_84' title="bbox 349 4790 1863 4874; baseline -0.004 -15"><span class='ocrx_word' id='word_1_532' title='bbox 349 4804 599 4860; x_wconf 78' lang='lat' dir='ltr'><strong>aeterna</strong></span> <span class='ocrx_word' id='word_1_533' title='bbox 651 4791 949 4868; x_wconf 84' lang='lat' dir='ltr'><strong>felicitas,</strong></span> <span class='ocrx_word' id='word_1_534' title='bbox 1000 4810 1145 4874; x_wconf 81' lang='lat' dir='ltr'><strong>quae</strong></span> <span class='ocrx_word' id='word_1_535' title='bbox 1201 4797 1299 4853; x_wconf 90' lang='lat' dir='ltr'><strong>est</strong></span> <span class='ocrx_word' id='word_1_536' title='bbox 1342 4790 1495 4854; x_wconf 89' lang='lat' dir='ltr'><strong>finis</strong></span> <span class='ocrx_word' id='word_1_537' title='bbox 1546 4791 1613 4854; x_wconf 89' lang='lat' dir='ltr'><strong>in</strong></span> <span class='ocrx_word' id='word_1_538' title='bbox 1670 4809 1863 4873; x_wconf 91' lang='lat' dir='ltr'><strong>quem</strong></span> 
     </span>
     <span class='ocr_line' id='line_1_85' title="bbox 350 4888 1863 4972; baseline -0.003 -15"><span class='ocrx_word' id='word_1_539' title='bbox 350 4892 567 4958; x_wconf 85' lang='lat' dir='ltr'><strong>tendit</strong></span> <span class='ocrx_word' id='word_1_540' title='bbox 616 4909 731 4956; x_wconf 89' lang='lat' dir='ltr'><strong>seu</strong></span> <span class='ocrx_word' id='word_1_541' title='bbox 781 4889 1112 4955; x_wconf 87' lang='lat' dir='ltr'><strong>ordinatur</strong></span> <span class='ocrx_word' id='word_1_542' title='bbox 1159 4888 1505 4972; x_wconf 88' lang='lat' dir='ltr'><strong>Scriptura,</strong></span> <span class='ocrx_word' id='word_1_543' title='bbox 1552 4897 1702 4952; x_wconf 91' lang='lat' dir='ltr'><strong>sunt</strong></span> <span class='ocrx_word' id='word_1_544' title='bbox 1746 4890 1863 4953; x_wconf 92' lang='lat' dir='ltr'><strong>tibi</strong></span> 
     </span>
     <span class='ocr_line' id='line_1_86' title="bbox 355 4987 1867 5074; baseline -0.003 -18"><span class='ocrx_word' id='word_1_545' title='bbox 355 4994 599 5074; x_wconf 84' lang='lat' dir='ltr'><strong>ignota,</strong></span> <span class='ocrx_word' id='word_1_546' title='bbox 654 4989 963 5073; x_wconf 85' lang='lat' dir='ltr'><strong>quoniam</strong></span> <span class='ocrx_word' id='word_1_547' title='bbox 1013 4987 1147 5053; x_wconf 90' lang='lat' dir='ltr'><strong>sola</strong></span> <span class='ocrx_word' id='word_1_548' title='bbox 1192 4987 1325 5051; x_wconf 88' lang='lat' dir='ltr'><strong>fide</strong></span> <span class='ocrx_word' id='word_1_549' title='bbox 1380 4995 1700 5063; x_wconf 88' lang='lat' dir='ltr'><strong>tenentur,</strong></span> <span class='ocrx_word' id='word_1_550' title='bbox 1747 5006 1867 5052; x_wconf 89' lang='lat' dir='ltr'><strong>nec</strong></span> 
     </span>
     <span class='ocr_line' id='line_1_87' title="bbox 360 5086 1867 5174; baseline -0.004 -20"><span class='ocrx_word' id='word_1_551' title='bbox 360 5097 639 5174; x_wconf 87' lang='lat' dir='ltr'><strong>possunt</strong></span> <span class='ocrx_word' id='word_1_552' title='bbox 685 5090 753 5152; x_wconf 89' lang='lat' dir='ltr'><strong>in</strong></span> <span class='ocrx_word' id='word_1_553' title='bbox 798 5088 918 5151; x_wconf 89' lang='lat' dir='ltr'><strong>hac</strong></span> <span class='ocrx_word' id='word_1_554' title='bbox 958 5087 1087 5151; x_wconf 88' lang='lat' dir='ltr'><strong>vita</strong></span> <span class='ocrx_word' id='word_1_555' title='bbox 1133 5087 1482 5150; x_wconf 87' lang='lat' dir='ltr'><strong>secundum</strong></span> <span class='ocrx_word' id='word_1_556' title='bbox 1528 5086 1867 5149; x_wconf 89' lang='lat' dir='ltr'><strong>essentiam</strong></span> 
     </span>
     <span class='ocr_line' id='line_1_88' title="bbox 360 5183 1869 5270; baseline -0.004 -18"><span class='ocrx_word' id='word_1_557' title='bbox 360 5188 543 5263; x_wconf 84' lang='lat' dir='ltr'><strong>sciri,</strong></span> <span class='ocrx_word' id='word_1_558' title='bbox 603 5207 809 5270; x_wconf 85' lang='lat' dir='ltr'><strong>quum</strong></span> <span class='ocrx_word' id='word_1_559' title='bbox 858 5194 1075 5250; x_wconf 88' lang='lat' dir='ltr'><strong>tamen</strong></span> <span class='ocrx_word' id='word_1_560' title='bbox 1126 5204 1248 5250; x_wconf 87' lang='lat' dir='ltr'><strong>vox</strong></span> <span class='ocrx_word' id='word_1_561' title='bbox 1305 5185 1425 5247; x_wconf 89' lang='lat' dir='ltr'><strong>ista</strong></span> <span class='ocrx_word' id='word_1_562' title='bbox 1480 5183 1869 5248; x_wconf 89' lang='lat' dir='ltr'><strong>sensibiliter</strong></span> 
     </span>
     <span class='ocr_line' id='line_1_89' title="bbox 366 5285 787 5372; baseline -0.01 -21"><span class='ocrx_word' id='word_1_563' title='bbox 366 5285 787 5372; x_wconf 86' lang='lat' dir='ltr'><strong>percipiatur.</strong></span> 
     </span>
    </p>
   </div>
   <div class='ocr_carea' id='block_1_23' title="bbox 1970 4292 3474 5063">
    <p class='ocr_par' dir='ltr' id='par_1_24' title="bbox 1970 4292 3474 5063">
     <span class='ocr_line' id='line_1_90' title="bbox 1976 4292 3474 4379; baseline -0.005 -17"><span class='ocrx_word' id='word_1_564' title='bbox 1976 4305 2169 4362; x_wconf 88' lang='lat' dir='ltr'><strong>vento</strong></span> <span class='ocrx_word' id='word_1_565' title='bbox 2210 4295 2467 4379; x_wconf 87' lang='lat' dir='ltr'><strong>proprie</strong></span> <span class='ocrx_word' id='word_1_566' title='bbox 2497 4313 2624 4358; x_wconf 91' lang='lat' dir='ltr'><strong>non</strong></span> <span class='ocrx_word' id='word_1_567' title='bbox 2655 4293 2957 4358; x_wconf 87' lang='lat' dir='ltr'><strong>convenit</strong></span> <span class='ocrx_word' id='word_1_568' title='bbox 2983 4311 3126 4366; x_wconf 86' lang='lat' dir='ltr'><strong>vox,</strong></span> <span class='ocrx_word' id='word_1_569' title='bbox 3159 4311 3359 4373; x_wconf 91' lang='lat' dir='ltr'><strong>quum</strong></span> <span class='ocrx_word' id='word_1_570' title='bbox 3389 4292 3474 4354; x_wconf 90' lang='lat' dir='ltr'><strong>sit</strong></span> 
     </span>
     <span class='ocr_line' id='line_1_91' title="bbox 1972 4388 3472 4471; baseline -0.005 -11"><span class='ocrx_word' id='word_1_571' title='bbox 1972 4415 2072 4460; x_wconf 88' lang='lat' dir='ltr'><strong>res</strong></span> <span class='ocrx_word' id='word_1_572' title='bbox 2124 4395 2489 4468; x_wconf 88' lang='lat' dir='ltr'><strong>inanimata,</strong></span> <span class='ocrx_word' id='word_1_573' title='bbox 2533 4394 2642 4456; x_wconf 91' lang='lat' dir='ltr'><strong>sed</strong></span> <span class='ocrx_word' id='word_1_574' title='bbox 2693 4411 2908 4456; x_wconf 90' lang='lat' dir='ltr'><strong>sonus.</strong></span> <span class='ocrx_word' id='word_1_575' title='bbox 2950 4388 3200 4466; x_wconf 84' lang='lat' dir='ltr'><strong>Quarto,</strong></span> <span class='ocrx_word' id='word_1_576' title='bbox 3242 4390 3472 4471; x_wconf 87' lang='lat' dir='ltr'><strong>quoni-</strong></span> 
     </span>
     <span class='ocr_line' id='line_1_92' title="bbox 1970 4487 3472 4573; baseline -0.004 -15"><span class='ocrx_word' id='word_1_577' title='bbox 1970 4514 2073 4558; x_wconf 89' lang='lat' dir='ltr'><strong>am</strong></span> <span class='ocrx_word' id='word_1_578' title='bbox 2122 4492 2360 4556; x_wconf 89' lang='lat' dir='ltr'><strong>scimus</strong></span> <span class='ocrx_word' id='word_1_579' title='bbox 2409 4492 2580 4573; x_wconf 90' lang='lat' dir='ltr'><strong>quod</strong></span> <span class='ocrx_word' id='word_1_580' title='bbox 2623 4498 2847 4554; x_wconf 89' lang='lat' dir='ltr'><strong>ventus</strong></span> <span class='ocrx_word' id='word_1_581' title='bbox 2889 4488 3065 4553; x_wconf 82' lang='lat' dir='ltr'><strong>venit</strong></span> <span class='ocrx_word' id='word_1_582' title='bbox 3109 4487 3189 4550; x_wconf 92' lang='lat' dir='ltr'><strong>ab</strong></span> <span class='ocrx_word' id='word_1_583' title='bbox 3227 4488 3472 4570; x_wconf 90' lang='lat' dir='ltr'><strong>aquilo-</strong></span> 
     </span>
     <span class='ocr_line' id='line_1_93' title="bbox 1973 4587 3473 4670; baseline -0.005 -14"><span class='ocrx_word' id='word_1_584' title='bbox 1973 4612 2075 4668; x_wconf 89' lang='lat' dir='ltr'><strong>ne,</strong></span> <span class='ocrx_word' id='word_1_585' title='bbox 2111 4592 2213 4655; x_wconf 87' lang='lat' dir='ltr'><strong>vel</strong></span> <span class='ocrx_word' id='word_1_586' title='bbox 2251 4597 2488 4662; x_wconf 87' lang='lat' dir='ltr'><strong>austro,</strong></span> <span class='ocrx_word' id='word_1_587' title='bbox 2521 4597 2583 4650; x_wconf 89' lang='lat' dir='ltr'><strong>et</strong></span> <span class='ocrx_word' id='word_1_588' title='bbox 2618 4596 2786 4650; x_wconf 88' lang='lat' dir='ltr'><strong>recte</strong></span> <span class='ocrx_word' id='word_1_589' title='bbox 2817 4587 3135 4670; x_wconf 85' lang='lat' dir='ltr'><strong>procedat,</strong></span> <span class='ocrx_word' id='word_1_590' title='bbox 3169 4605 3296 4651; x_wconf 91' lang='lat' dir='ltr'><strong>non</strong></span> <span class='ocrx_word' id='word_1_591' title='bbox 3333 4594 3473 4649; x_wconf 89' lang='lat' dir='ltr'><strong>ten-</strong></span> 
     </span>
     <span class='ocr_line' id='line_1_94' title="bbox 1972 4685 3468 4771; baseline -0.005 -16"><span class='ocrx_word' id='word_1_592' title='bbox 1972 4694 2128 4755; x_wconf 92' lang='lat' dir='ltr'><strong>dens</strong></span> <span class='ocrx_word' id='word_1_593' title='bbox 2179 4691 2245 4752; x_wconf 91' lang='lat' dir='ltr'><strong>in</strong></span> <span class='ocrx_word' id='word_1_594' title='bbox 2296 4696 2540 4771; x_wconf 88' lang='lat' dir='ltr'><strong>partem</strong></span> <span class='ocrx_word' id='word_1_595' title='bbox 2593 4686 2973 4769; x_wconf 91' lang='lat' dir='ltr'><strong>oppositam.</strong></span> <span class='ocrx_word' id='word_1_596' title='bbox 3024 4685 3468 4748; x_wconf 86' lang='lat' dir='ltr'><strong>Verumtamen</strong></span> 
     </span>
     <span class='ocr_line' id='line_1_95' title="bbox 1974 4783 3474 4867; baseline -0.004 -15"><span class='ocrx_word' id='word_1_597' title='bbox 1974 4790 2095 4852; x_wconf 87' lang='lat' dir='ltr'><strong>ista</strong></span> <span class='ocrx_word' id='word_1_598' title='bbox 2149 4788 2272 4850; x_wconf 91' lang='lat' dir='ltr'><strong>tria</strong></span> <span class='ocrx_word' id='word_1_599' title='bbox 2322 4793 2696 4867; x_wconf 86' lang='lat' dir='ltr'><strong>argumenta</strong></span> <span class='ocrx_word' id='word_1_600' title='bbox 2758 4785 2918 4848; x_wconf 89' lang='lat' dir='ltr'><strong>solvi</strong></span> <span class='ocrx_word' id='word_1_601' title='bbox 2979 4791 3259 4867; x_wconf 91' lang='lat' dir='ltr'><strong>possent,</strong></span> <span class='ocrx_word' id='word_1_602' title='bbox 3320 4783 3474 4867; x_wconf 89' lang='lat' dir='ltr'><strong>quia</strong></span> 
     </span>
     <span class='ocr_line' id='line_1_96' title="bbox 1974 4882 3472 4970; baseline -0.005 -18"><span class='ocrx_word' id='word_1_603' title='bbox 1974 4888 2302 4970; x_wconf 89' lang='lat' dir='ltr'><strong>Scriptura</strong></span> <span class='ocrx_word' id='word_1_604' title='bbox 2336 4885 2708 4966; x_wconf 89' lang='lat' dir='ltr'><strong>frequenter</strong></span> <span class='ocrx_word' id='word_1_605' title='bbox 2745 4883 3052 4946; x_wconf 90' lang='lat' dir='ltr'><strong>adscribit</strong></span> <span class='ocrx_word' id='word_1_606' title='bbox 3081 4882 3472 4946; x_wconf 86' lang='lat' dir='ltr'><strong>voluntatem</strong></span> 
     </span>
     <span class='ocr_line' id='line_1_97' title="bbox 1976 4979 3474 5063; baseline -0.003 -14"><span class='ocrx_word' id='word_1_607' title='bbox 1976 4986 2170 5049; x_wconf 92' lang='lat' dir='ltr'><strong>rebus</strong></span> <span class='ocrx_word' id='word_1_608' title='bbox 2210 4983 2594 5057; x_wconf 81' lang='lat' dir='ltr'><strong>inanimatiS,</strong></span> <span class='ocrx_word' id='word_1_609' title='bbox 2639 4990 2710 5043; x_wconf 95' lang='lat' dir='ltr'><strong>ut</strong></span> <span class='ocrx_word' id='word_1_610' title='bbox 2748 5000 2950 5063; x_wconf 89' lang='lat' dir='ltr'><strong>quum</strong></span> <span class='ocrx_word' id='word_1_611' title='bbox 2995 4979 3231 5043; x_wconf 92' lang='lat' dir='ltr'><strong>dicitur</strong></span> <span class='ocrx_word' id='word_1_612' title='bbox 3269 4980 3336 5043; x_wconf 93' lang='lat' dir='ltr'><strong>in</strong></span> <span class='ocrx_word' id='word_1_613' title='bbox 3372 4981 3474 5044; x_wconf 85' lang='lat' dir='ltr'><strong>Jo-</strong></span> 
     </span>
    </p>
   </div>
   <div class='ocr_carea' id='block_1_24' title="bbox 1976 5078 3766 5161">
    <p class='ocr_par' dir='ltr' id='par_1_25' title="bbox 1976 5078 3766 5161">
     <span class='ocr_line' id='line_1_98' title="bbox 1976 5078 3766 5161; baseline 0 -14"><span class='ocrx_word' id='word_1_614' title='bbox 1976 5102 2092 5148; x_wconf 90' lang='lat' dir='ltr'><strong>sue</strong></span> <span class='ocrx_word' id='word_1_615' title='bbox 2125 5102 2138 5146; x_wconf 91' lang='lat'>:</span> <span class='ocrx_word' id='word_1_616' title='bbox 2173 5081 2333 5156; x_wconf 85' lang='lat' dir='ltr'><strong>Quid</strong></span> <span class='ocrx_word' id='word_1_617' title='bbox 2376 5080 2498 5144; x_wconf 88' lang='lat' dir='ltr'><strong>sibi</strong></span> <span class='ocrx_word' id='word_1_618' title='bbox 2545 5080 2768 5144; x_wconf 86' lang='lat' dir='ltr'><strong>volunt</strong></span> <span class='ocrx_word' id='word_1_619' title='bbox 2809 5079 3050 5161; x_wconf 89' lang='lat' dir='ltr'><strong>lapides</strong></span> <span class='ocrx_word' id='word_1_620' title='bbox 3093 5079 3242 5141; x_wconf 69' lang='lat' dir='ltr'><strong>isti?</strong></span> <span class='ocrx_word' id='word_1_621' title='bbox 3286 5078 3474 5143; x_wconf 89' lang='lat' dir='ltr'><strong>Simi-</strong></span> <span class='ocrx_word' id='word_1_622' title='bbox 3498 5103 3766 5156; x_wconf 63' lang='lat' dir='ltr'><strong>mmm.</strong></span> 
     </span>
    </p>
   </div>
   <div class='ocr_carea' id='block_1_25' title="bbox 1978 5176 3544 5363">
    <p class='ocr_par' dir='ltr' id='par_1_26' title="bbox 1978 5176 3544 5363">
     <span class='ocr_line' id='line_1_99' title="bbox 1978 5176 3471 5260; baseline -0.003 -15"><span class='ocrx_word' id='word_1_623' title='bbox 1978 5183 2124 5245; x_wconf 92' lang='lat' dir='ltr'><strong>liter</strong></span> <span class='ocrx_word' id='word_1_624' title='bbox 2166 5199 2407 5255; x_wconf 90' lang='lat' dir='ltr'><strong>vocem,</strong></span> <span class='ocrx_word' id='word_1_625' title='bbox 2442 5186 2511 5240; x_wconf 89' lang='lat' dir='ltr'><strong>ut</strong></span> <span class='ocrx_word' id='word_1_626' title='bbox 2553 5197 2754 5260; x_wconf 86' lang='lat' dir='ltr'><strong>quum</strong></span> <span class='ocrx_word' id='word_1_627' title='bbox 2795 5178 2873 5239; x_wconf 93' lang='lat' dir='ltr'><strong>ad</strong></span> <span class='ocrx_word' id='word_1_628' title='bbox 2918 5176 3273 5242; x_wconf 86' lang='lat' dir='ltr'><strong>Corinthios</strong></span> <span class='ocrx_word' id='word_1_629' title='bbox 3318 5178 3471 5241; x_wconf 89' lang='lat' dir='ltr'><strong>dicit</strong></span> 
     </span>
     <span class='ocr_line' id='line_1_100' title="bbox 1978 5275 3544 5363; baseline -0.002 -20"><span class='ocrx_word' id='word_1_630' title='bbox 1978 5279 2318 5363; x_wconf 88' lang='lat' dir='ltr'><strong>Apostolus</strong></span> <span class='ocrx_word' id='word_1_631' title='bbox 2361 5296 2376 5341; x_wconf 88' lang='lat'>:</span> <span class='ocrx_word' id='word_1_632' title='bbox 2419 5276 2566 5350; x_wconf 83' lang='lat' dir='ltr'><strong>Quae</strong></span> <span class='ocrx_word' id='word_1_633' title='bbox 2613 5276 2752 5339; x_wconf 90' lang='lat' dir='ltr'><strong>sine</strong></span> <span class='ocrx_word' id='word_1_634' title='bbox 2798 5275 3012 5339; x_wconf 89' lang='lat' dir='ltr'><strong>anima</strong></span> <span class='ocrx_word' id='word_1_635' title='bbox 3059 5283 3210 5339; x_wconf 87' lang='lat' dir='ltr'><strong>sunt</strong></span> <span class='ocrx_word' id='word_1_636' title='bbox 3251 5294 3470 5342; x_wconf 88' lang='lat' dir='ltr'><strong>vocem</strong></span> <span class='ocrx_word' id='word_1_637' title='bbox 3500 5313 3544 5356; x_wconf 68' lang='lat'><strong>7,</strong></span> 
     </span>
    </p>
   </div>
   <div class='ocr_carea' id='block_1_26' title="bbox 3522 5247 3766 5298">
    <p class='ocr_par' dir='ltr' id='par_1_27' title="bbox 3522 5247 3766 5298">
     <span class='ocr_line' id='line_1_101' title="bbox 3522 5247 3766 5298; baseline -0.008 -8"><span class='ocrx_word' id='word_1_638' title='bbox 3522 5247 3538 5290; x_wconf 89' lang='grc' dir='ltr'>Ι</span> <span class='ocrx_word' id='word_1_639' title='bbox 3551 5247 3659 5292; x_wconf 75' lang='lat' dir='ltr'><strong>Cor.</strong></span> <span class='ocrx_word' id='word_1_640' title='bbox 3677 5259 3766 5298; x_wconf 75' lang='lat' dir='ltr'><strong>xiv,</strong></span> 
     </span>
    </p>
   </div>
  </div>
 </body>
</html>
