4300 6259
1173 521 1523 571 mammo
1565 522 1628 569 IN
1670 522 1806 569 cu.
1854 522 1897 567 Χ
1933 518 2211 568 mamus.
2257 539 2338 549 —
2378 520 2521 568 ΛΒΤ.
2566 522 2692 568 XXV

3368 498 3491 563 459

362 697 498 778 qui
544 695 712 779 rapit
757 696 985 759 aliena.
1038 672 1340 776 Indignu's
1389 710 1537 772 ergo
1585 689 1881 773 praelatus
1911 689 1961 750 A
1992 706 2210 753 veram
2258 690 2633 771 pastoralem
2696 689 3151 773 perfectionem
3202 688 3489 752 hortatur

363 795 497 876 qui
531 813 648 877 per
687 794 1009 859 Christum
1043 812 1170 856 non
1201 793 1394 854 intrat
1423 792 1501 853 ad
1541 789 1884 873 praesiden-

364 894 540 955 dum
586 892 918 969 fidelibus,
971 892 1072 955 vel
1131 891 1526 973 quicumque
1584 888 1883 968 deceptor

365 990 716 1075 falsusque
746 994 964 1056 doctor
995 990 1416 1062 credentium,
1452 994 1546 1049 est
1575 986 1681 1049 fur
1701 1005 1714 1049 :
1735 1004 1882 1067 quo-

370 1092 558 1154 niam
613 1093 926 1174 populum
987 1090 1096 1151 Dei
1156 1087 1475 1151 subtrahit
1531 1087 1676 1159 Deo,
1728 1103 1886 1166 quo-

369 1191 560 1253 niam
599 1209 716 1253 suo
758 1187 1058 1271 pestifero
1105 1189 1483 1250 documento
1532 1202 1645 1247 seu
1688 1201 1883 1266 pravo

367 1289 682 1371 exemplo
728 1307 802 1350 ac
851 1288 993 1350 aliis
1044 1286 1268 1359 modiS,
1301 1284 1530 1347 avertit
1576 1281 1801 1345 fideles
1847 1300 1884 1343 a

369 1387 532 1461 Deo,
567 1394 630 1448 et
677 1386 976 1467 subjugat
1023 1402 1128 1448 eos
1169 1383 1315 1458 sibi,
1350 1390 1540 1464 atque
1583 1381 1648 1443 in
1693 1400 1880 1441 suum

369 1487 794 1549 commodum
839 1483 1068 1565 redigit
1106 1502 1234 1557 θος,
1269 1480 1434 1544 bona
1477 1499 1697 1543 eorum
1737 1497 1884 1542 con-

371 1585 720 1660 sumendo,
753 1602 974 1647 eorum
1007 1582 1310 1645 servitute
1343 1581 1598 1655 utendo,
1619 1585 1682 1641 et
1713 1579 1883 1660 ipsos

375 1692 692 1765 tanquam
752 1681 1070 1763 mancipia
1127 1678 1529 1763 possidendo,
1583 1678 1886 1758 quemad-

373 1782 648 1845 modum
709 1782 788 1843 de
843 1779 944 1842 his
993 1778 1320 1841 Pharisaeis
1379 1776 1664 1857 loquitur
1711 1773 1886 1837 Chri-

109 1892 290 1935 Matth-

61 1968 174 2003 ‘¹¹¹¹'
201 1958 272 1997 ¹⁴·
375 1979 580 2054 eritae,
643 1977 798 2059 quia
853 1976 1182 2041 comeditis
1242 1976 1467 2038 domus
1526 1974 1880 2035 viduarum·

372 2077 762 2157 Hujusmodi
795 2077 1010 2157 itaque
1038 2092 1333 2137 ascensor
1359 2072 1544 2136 ovilis
1576 2079 1636 2133 et
1665 2071 1881 2135 ovium

376 2177 626 2249 doctor,
678 2194 791 2237 seu
844 2174 1144 2254 indignus
1195 2172 1491 2255 praelatus
1541 2178 1603 2231 et
1653 2178 1878 2245 rector,

373 2292 640 2355 gregem
671 2274 795 2335 sibi
826 2272 1200 2345 conformat,
1236 2277 1299 2333 et
1330 2270 1679 2332 maximum
1711 2270 1884 2331 dam-

379 2393 542 2435 num
612 2372 808 2435 infert
863 2370 1130 2444 Christ0‚
1203 2370 1388 2450 cujus
1455 2368 1879 2450 praedilectam

377 2472 832 2545 substantiam,
868 2489 984 2552 pro
1021 2488 1152 2551 qua
1190 2469 1325 2551 ipse
1368 2467 1742 2548 sanguinem
1785 2465 1886 2528 fu-

378 2573 498 2647 dit,
531 2571 745 2633 taliter
794 2570 1081 2652 dissipat.
1115 2568 1290 2631 Unde
1335 2567 1399 2629 in
1442 2565 1883 2629 Ecclesiastico

380 2669 618 2750 legitur
651 2686 666 2731 t
700 2667 1062 2730 Secundum
1099 2666 1380 2747 judicem
1420 2664 1666 2748 populi,
1700 2665 1792 2727 sic
1822 2672 1885 2727 et

379 2766 664 2831 ministri
695 2766 866 2847 ejus3
899 2771 961 2827 et
989 2764 1198 2846 qualis
1227 2771 1323 2826 est
1354 2772 1558 2827 rector
1585 2762 1880 2839 civitatiS,

379 2867 542 2929 tales
581 2874 646 2929 et
683 2864 1110 2928 inhabitantes
1150 2864 1214 2925 in
1255 2882 1349 2925 ea.
1397 2862 1696 2925 Ieremias
1727 2880 1885 2944 quo-

377 2984 511 3049 que
545 2984 560 3027 :
596 2963 928 3038 Quoniam,
967 2962 1199 3044 inquit,
1225 2962 1416 3024 stulte
1464 2968 1728 3042 egerunt
1777 2980 1885 3043 pa-

69 2690 214 2732 Eccli.
231 2704 278 2741 x,
299 2692 342 2731 Ξ.

85 2984 178 3029 Jer.
195 2998 240 3037 x,
252 2986 303 3028 2¹
315 3018 326 3028 .

1991 789 2290 871 princeps
2340 789 2783 871 Apostolorum
2832 790 2897 851 in
2940 788 3147 871 prima
3194 806 3307 849 sua
3355 786 3489 869 epi-

1991 887 2172 962 stola,
2208 888 2424 951 dicens
2478 906 2491 951 :
2544 887 2857 961 Seniores,
2908 887 3193 962 obsecro,
3248 885 3486 968 pascite
3516 899 3785 953 lmen-,m-

1991 986 2102 1067 qui
2153 986 2217 1048 in
2264 987 2443 1051 vobis
2493 995 2588 1050 est
2643 1005 2899 1068 gregem
2948 986 3079 1059 Dei,
3142 985 3483 1067 providen·
3517 966 3559 1009 ³·

1995 1094 2086 1148 tes
2137 1105 2262 1150 non
2309 1094 2542 1162 coacte,
2578 1089 2686 1150 sed
2737 1093 3083 1168 spontanee
3134 1084 3486 1147 secundum

1994 1186 2215 1261 Deum,
2264 1205 2391 1249 non
2442 1187 2647 1269 turpis
2694 1186 2851 1248 lucri
2895 1184 3116 1266 gratia,
3164 1199 3373 1265 neque
3420 1189 3489 1244 ut

1992 1285 2391 1348 dominantes
2452 1285 2517 1347 in
2574 1284 2783 1361 cleriS,
2845 1285 2957 1347 sed
3018 1282 3224 1346 forma
3276 1281 3486 1363 gregis

1993 1382 2164 1457 facti,
2198 1391 2259 1445 et
2302 1402 2377 1445 ex
2418 1383 2653 1445 animo.

2091 1484 2268 1543 Huic
2323 1490 2447 1544 tam
2506 1481 2827 1545 fructuoso
2886 1480 3120 1563 pastori
3180 1480 3489 1541 ostiarius
3632 1479 3667 1535 3

1992 1583 2223 1658 aperit,
2246 1580 2307 1643 id
2348 1588 2455 1655 est,
2486 1580 2758 1662 Spiritus
2797 1579 3061 1642 Sanctus
3103 1578 3350 1641 divinas
3392 1595 3490 1641 ve-

1995 1679 2210 1741 ritates
2254 1678 2513 1759 revelat,
2547 1680 2804 1742 modum
2846 1677 3173 1758 regiminis
3220 1674 3482 1738 manife-

1994 1786 2136 1857 stat,
2189 1786 2251 1840 et
2298 1780 2376 1840 de
2423 1778 2723 1841 omnibus
2774 1776 3146 1840 necessariis
3202 1774 3483 1837 instruit.

373 1887 520 1941 stus
557 1898 572 1942 :
608 1878 712 1941 Vae
754 1878 958 1952 vobis,
993 1876 1228 1940 Scribae
1269 1883 1333 1938 et
1359 1874 1651 1937 Pharisaei
1685 1874 1886 1956 hypo-
1920 1876 1969 1939 B
1995 1877 2169 1939 Unde
2212 1878 2290 1939 de
2338 1878 2479 1958 ipso
2528 1875 2694 1938 infra
2747 1876 3015 1938 habetur
3062 1893 3075 1938 ε
3129 1873 3335 1947 Quum
3383 1890 3489 1935 ve-
3527 1892 3780 1943 Jmmvn,

1995 1976 2162 2038 nerit
2219 1976 2327 2037 ille
2384 1974 2657 2057 Spiritus
2717 1974 3021 2047 veritatiS,
3074 1971 3325 2035 docebit
3376 1988 3485 2034 vos
3517 1957 3584 1999 ¹³·

1992 2092 2243 2138 omnem
2314 2074 2665 2139 veritatem.
2736 2073 2874 2155 lpse
2946 2072 3140 2153 igitur
3210 2069 3486 2152 Spiritus

1993 2172 2259 2235 Sanctus
2297 2173 2594 2248 admittit,
2630 2172 2728 2235 vel
2772 2171 2981 2253 potius
3019 2168 3384 2242 introducit,
3422 2168 3488 2229 ti-

1993 2281 2307 2335 moratum
2347 2291 2419 2334 ac
2460 2271 2829 2351 diligentem
2876 2276 3189 2351 pastorem
3236 2270 3301 2329 in
3348 2286 3488 2329 san-

1993 2370 2307 2433 ctuarium
2357 2370 2683 2452 sapientiai
2720 2370 3144 2451 sempiternae,
3181 2376 3250 2429 ut
3288 2368 3489 2430 discat
3544 2384 3777 2431 niman.

1992 2476 2054 2532 et
2103 2470 2261 2531 sciat
2308 2470 2626 2551 quomodo
2675 2475 2959 2550 oporteat
3008 2486 3074 2529 se
3124 2466 3484 2530 conversari
3518 2450 3585 2491 ¹³·

1993 2569 2058 2632 in
2099 2571 2287 2632 domo
2323 2567 2469 2647 Dei;
2509 2575 2571 2630 et
2608 2568 2761 2637 illic,
2788 2568 2895 2630 dat
2940 2567 2997 2629 ei
3037 2575 3291 2649 gustare
3330 2566 3490 2628 mul·
3520 2580 3781 2631 humo.

1994 2668 2331 2731 titudinem
2377 2666 2733 2730 dulcedinis
2782 2685 2933 2740 suae,
2984 2666 3071 2728 ita
3119 2673 3189 2727 ut
3236 2666 3487 2727 rediens

1991 2769 2070 2830 ad
2117 2784 2375 2847 gregem
2428 2765 2821 2829 dominicum
2871 2764 2994 2827 sibi
3045 2763 3483 2839 commissum,

1993 2873 2237 2929 eructet
2287 2864 2413 2927 illis
2468 2864 2838 2927 memoriam
2892 2862 3296 2926 abundantiae
3348 2882 3489 2925 sua-
3515 2878 3778 2929 pamma.

1994 2965 2206 3029 vitatis
2252 2964 2505 3027 divinae.
2548 2962 2779 3045 Sicque
2828 2964 2907 3026 de
2957 2962 3357 3045 plenitudine
3400 2962 3487 3023 si-

377 3072 606 3139 storeS,
641 3070 705 3125 et
736 3062 1072 3126 Dominum
1105 3080 1230 3124 non
1263 3060 1883 3142 exquisierunt,pro-
1920 3056 1963 3120 C
1994 3064 2057 3126 bi
2131 3063 2357 3126 collata
2434 3061 2752 3125 illuminat
2818 3069 2881 3123 et
2944 3061 3233 3124 accendit
3300 3063 3489 3123 corda

379 3173 602 3247 pterea
639 3162 848 3226 omnis
893 3179 1050 3242 grex
1099 3180 1320 3225 eorum
1369 3160 1710 3243 dissipatus
1760 3168 1878 3222 est.

376 3262 670 3343 Denique
701 3260 845 3323 talis
875 3260 1065 3322 etiam
1098 3259 1333 3321 dicitur
1361 3259 1542 3333 latro,
1578 3259 1880 3340 quoniam

375 3380 638 3443 gregem
687 3358 982 3422 fidelium
1033 3357 1454 3439 spiritualiter
1509 3359 1876 3438 strangulat,

377 3460 579 3521 vitam
609 3458 828 3539 gratiae
857 3456 1237 3521 suffocando
1277 3457 1344 3517 in
1383 3456 1498 3529 eiS,
1532 3463 1724 3536 atque
1755 3457 1884 3517 dia-

376 3558 510 3621 boli
543 3555 1060 3621 devorationibus
1091 3574 1198 3617 eos
1228 3554 1622 3636 exponendo,
1649 3553 1777 3617 imo
1805 3554 1882 3616 ad

377 3665 654 3719 mortem
703 3662 1006 3718 aeternam
1056 3654 1368 3716 ducendo.
1420 3652 1669 3715 lnducit
1709 3653 1882 3715 enim

379 3772 488 3818 eos
519 3754 602 3816 ad
643 3753 816 3826 vitia,
851 3752 1089 3835 quibus
1127 3752 1438 3815 occiditur
1480 3751 1711 3825 anima,
1743 3770 1883 3833 gra-

377 3852 534 3916 tiam
585 3853 934 3916 amittendo
991 3860 1054 3939 et
1112 3852 1470 3914 daemonum
1519 3852 1739 3913 dentes
1787 3851 1884 3914 in-

1993 3181 2279 3226 suorum.

2091 3261 2218 3323 Hac
2259 3259 2587 3342 apertione
2635 3257 2908 3340 Spiritus
2956 3257 3166 3322 Sancti
3211 3258 3488 3322 maxime

1990 3359 2233 3441 indiget
2289 3358 2498 3421 omnis
2554 3365 2786 3439 pastor,
2840 3365 2903 3419 et
2956 3364 3129 3421 tanto
3185 3357 3484 3440 amplius,

1991 3466 2230 3541 quanto
2279 3456 2573 3539 pluribus
2624 3464 2871 3538 praeest.
2914 3455 3116 3529 Quum
3164 3457 3334 3519 enim
3382 3476 3489 3519 ne-

1991 3577 2095 3637 mo
2134 3558 2234 3620 sui
2276 3557 2479 3638 ipsius
2518 3555 2718 3637 possit
2750 3554 2997 3637 operari
3039 3556 3307 3617 salutem
3348 3556 3487 3619 sine

1991 3656 2251 3738 speciali
2310 3664 2501 3736 atque
2558 3654 2860 3717 continuo
2916 3654 3154 3717 auxilio
3211 3653 3486 3737 Spiritus

1992 3754 2225 3827 Sancti,
2258 3753 2577 3835 quomodo
2623 3751 2854 3833 poterit
2892 3770 3071 3814 suam
3115 3760 3178 3814 et
3215 3752 3484 3816 aliorum

1990 3854 2239 3936 operari
2271 3852 2556 3925 salutem,
2580 3850 2719 3913 sine
2759 3850 3019 3932 ingenti,
3052 3850 3357 3933 singulari
3391 3852 3489 3932 ju-

85 3966 345 4022 ιρειωβ.
378 3951 721 4014 currendo.
755 3950 1170 4013 Adversarius
1209 3948 1382 4011 enim
1415 3956 1628 4011 noster
1667 3949 1881 4014 diabo-
1987 3953 2181 4033 gique
2239 3970 2361 4033 ope
2416 3948 2718 4011 Paracleti
2753 3952 2777 4010 2
2838 3947 3175 4030 Propterea
3240 3957 3488 4031 oportet

379 4050 484 4112 lus
516 4058 822 4129 tanquam
863 4047 960 4112 leo
1002 4048 1261 4129 rugiens
1302 4048 1552 4121 circuit,
1587 4066 1879 4129 quaerens
1991 4058 2308 4133 pastorem
2355 4049 2724 4131 frequenter
2772 4048 2965 4110 nimis
3013 4049 3090 4110 ad
3142 4048 3337 4111 Deum
3389 4068 3488 4112 re-

377 4166 578 4230 quem
621 4148 901 4210 devoret.
1990 4167 2267 4224 currere,
2318 4147 2458 4229 ejus
2507 4147 2821 4210 auxilium
2872 4167 3017 4210 cum
3064 4147 3292 4209 humili
3344 4167 3488 4230 pro-

193 4257 228 4309 2
463 4248 594 4317 Qui
630 4256 849 4308 autem
897 4247 1108 4307 intrat
1153 4244 1490 4327 praefatum
1540 4245 1707 4309 ovile
1761 4266 1881 4323 per
1909 4244 1960 4308 D
1989 4247 2289 4311 stratione
2329 4247 2677 4329 requirere,
2712 4254 2778 4308 ut
2816 4246 2882 4307 in
2921 4246 3221 4309 omnibus
3261 4245 3487 4328 diriga-

375 4348 642 4414 ostium,
665 4345 730 4407 id
771 4353 867 4407 est
911 4363 1024 4427 per
1072 4343 1414 4418 Christum,
1448 4344 1744 4408 videlicet
1782 4364 1882 4409 or-
1987 4354 2111 4421 tur,
2145 4352 2495 4419 moveatur,
2542 4352 2603 4406 et
2644 4343 2967 4424 regule-tur
2995 4344 3074 4406 ab
3107 4345 3268 4426 ipso,
3304 4344 3485 4406 item—

375 4444 616 4517 dinate,
651 4442 999 4515 caritative,
1035 4442 1383 4516 humiliter,
1419 4461 1544 4505 non
1585 4462 1878 4525 quaerens
1985 4462 2113 4525 que
2146 4451 2214 4504 ut
2244 4441 2517 4525 Spiritus
2548 4440 2813 4507 Sanctus
2853 4443 3041 4506 corda
3080 4442 3480 4506 subditorum

377 4557 655 4623 praeesse
685 4540 785 4602 vel
818 4539 1154 4615 dominari,
1189 4540 1299 4601 sed
1339 4541 1639 4621 prodesse
1680 4548 1743 4603 et
1770 4560 1880 4603 au-

376 4638 613 4711 xiliari,
659 4654 786 4700 non
830 4654 1124 4719 quaerens
1178 4638 1268 4698 uti
1318 4638 1578 4719 propria
1626 4638 1878 4701 liberta-

373 4743 461 4810 te,
505 4737 616 4799 sed
662 4756 778 4818 pro
824 4736 1097 4799 aliorum
1147 4734 1349 4797 salute
1400 4735 1877 4816 infatigabiliter

376 4834 714 4915 laborare;
769 4844 991 4913 pastor
1040 4842 1130 4895 est
1181 4836 1430 4903 ovium,
1485 4834 1603 4898 hoc
1653 4842 1748 4896 est
1801 4834 1878 4897 ri-

375 4934 646 5008 delium,
682 4953 750 4996 re
793 4943 856 4996 et
898 4934 1180 5007 nomine,
1224 4932 1527 5015 quoniam
1576 4932 1770 4997 verbo
1815 4943 1876 4996 et

375 5052 574 5116 opere
605 5031 1155 5116 pascit,confortat
1183 5038 1245 5094 et
1277 5038 1517 5094 recreat
1545 5050 1672 5095 eos.
1699 5031 1876 5095 Tales

379 5140 666 5215 pastores
713 5130 876 5193 Deus
929 5131 1224 5213 promisit
1269 5132 1438 5213 apud
1488 5130 1820 5193 Ieremiam
1858 5151 1871 5194 :

91 5242 342 5297 lenum-‘a-
377 5230 552 5294 Dabo
599 5229 782 5293 vobis
832 5236 1114 5311 pastores
1159 5228 1338 5309 juxta
1385 5248 1494 5291 cor
1535 5246 1771 5303 meum,
1816 5236 1878 5291 et

381 5335 644 5412 pascent
683 5346 794 5391 vos
836 5326 1104 5391 scientia
1141 5332 1205 5389 et
1247 5327 1551 5390 doctrina.
1586 5326 1680 5389 Ad
1712 5327 1876 5391 hanc

1987 4542 2288 4606 docibilia
2326 4541 2535 4617 faciat,
2567 4550 2798 4623 tangat,
2832 4541 3165 4623 gubernet.
3192 4540 3295 4604 Vae
3334 4560 3482 4622 ergo

1985 4640 2309 4703 dissolutis
2357 4647 2419 4701 et
2470 4640 2851 4703 intimoratis
2903 4639 3202 4721 praelatis,
3247 4638 3359 4720 qui
3410 4657 3479 4701 se

1982 4739 2061 4801 ad
2125 4739 2437 4801 exteriora
2493 4738 2902 4820 impudenter
2951 4736 3316 4811 effundunt,
3367 4738 3481 4820 qui

1985 4856 2108 4900 non
2155 4837 2505 4919 ponderant
2535 4855 2728 4917 quam
2756 4854 2947 4917 grave
2980 4855 3141 4900 onus
3184 4836 3341 4919 ipsis
3372 4838 3483 4900 im-

1985 4936 2262 5017 positum
2296 4935 2390 5007 sit,
2407 4952 2615 5015 neque
2648 4934 3056 5015 praecogitant
3084 4954 3277 5015 quam
3310 4934 3481 4998 Chri·

1983 5042 2078 5096 sto
2120 5051 2235 5114 pro
2282 5050 2352 5093 se
2393 5032 2655 5112 suisque
2694 5031 2922 5094 ovibus
2962 5032 3252 5095 tribuant
3295 5035 3482 5097 ratio-
3538 5052 3769 5105 nomm,

1983 5149 2150 5192 nem.
2215 5130 2318 5192 lsti
2377 5148 2501 5191 non
2553 5137 2821 5210 pensant
2874 5130 3031 5193 illud
3084 5130 3425 5213 Sapientiae
3458 5151 3473 5195 :
3508 5116 3771 5231 ζξῇίξὼ·

1978 5229 2297 5293 Judicium
2336 5228 2747 5291 durissimum
2783 5230 2847 5290 in
2884 5228 2983 5291 his
3018 5230 3130 5310 qui
3171 5239 3468 5312 praesunt,
3504 5250 3618 5306 sap.
3640 5263 3697 5301 η,
3730 5252 3772 5294 ο.

1982 5328 2116 5391 fiet.
2141 5328 2286 5391 Ideo
2316 5326 2479 5389 bene
2506 5326 2597 5389 ait
2624 5326 3105 5410 chrysostomus
3138 5346 3153 5392 ε
3186 5327 3337 5403 Quis
3381 5339 3478 5394 est
