4300 6259
854 493 976 560 540
1575 514 1928 562 manuario
1971 515 2035 561 m
2077 515 2216 562 CAP.
2264 517 2369 563 xlv
2408 517 2687 565 Jomms.
2731 539 2815 550 -
2854 520 2997 567 Am.
3040 521 3231 567 xxxv!

578 701 824 754 hanan,
855 684 1153 760 ctionem,
1176 687 1432 767 quando
1462 686 1748 749 dicturus
1780 707 1919 748 sum
1948 687 2108 750 :Pax
2141 687 2343 752 vobis.
2380 686 2432 748 A
2460 695 2742 752 terorum
2791 690 3106 755 bonorum
3154 693 3377 756 mundi
3426 693 3643 775 hujus,
3694 695 3947 776 qualem

560 766 716 814 ²¹·²⁶·
853 783 1028 846 Unde
1061 803 1129 846 se
1168 786 1378 866 ipsum
1419 804 1764 869 exponenS‚
1799 787 2030 868 adjecit
2064 806 2076 848 :
2111 791 2349 850 Pacem
2462 787 2651 850 habet
2699 789 2913 851 anima
2962 791 3187 854 vitiosa
3236 809 3379 854 cum
3432 793 3693 874 propria
3738 811 3945 855 carne.

857 903 1086 952 meam,
1130 884 1190 946 id
1242 892 1335 946 est
1384 902 1596 946 veram
1646 887 1880 948 mentis
1927 886 2351 968 tranquillita-
2464 885 2547 946 De
2576 905 2703 967 qua
2732 889 2900 969 apud
2939 887 3295 951 Matthaeum
3332 889 3421 951 ait
3452 889 3735 954 Salvator
3768 910 3784 954 ε
3816 891 3947 954 Non
4012 911 4215 956 uanas.

855 986 1110 1053 tem,do
1141 986 1313 1044 vobis
1344 1003 1516 1046 nunc
1548 984 1926 1060 inchoative,
1960 1005 2153 1068 quam
2187 987 2349 1049 dabo
2462 985 2607 1048 veni
2657 1004 2874 1068 pacem
2929 987 3178 1050 mittere
3228 988 3291 1049 in
3353 996 3607 1063 terram,
3662 991 3771 1052 sed
3824 991 3955 1071 gla-
3978 977 4045 1015 ³⁴·

854 1081 1034 1142 vobis
1093 1082 1159 1143 in
1221 1083 1422 1164 patria
1481 1082 1828 1165 perfective
1885 1103 1994 1146 seu
2057 1104 2350 1148 consum·
2461 1083 2665 1145 dium.
2724 1083 2883 1147 Huic
2940 1087 3121 1148 malae
3180 1087 3317 1169 paci
3381 1085 3729 1169 opponit'ur
3788 1089 3953 1152 bona

559 1194 824 1250 Ριιειερμιν,
856 1187 1042 1241 mate.
1085 1179 1169 1242 De
1216 1201 1344 1262 qua
1392 1200 1545 1264 pace
1594 1183 1748 1245 dicit
1786 1183 2122 1265 Apostolus
2166 1203 2181 1246 ε
2224 1183 2347 1246 Pax
2462 1183 2775 1245 discordia
2818 1203 2831 1246 :
2875 1203 3067 1266 quam
3113 1185 3278 1248 inter
3318 1185 3661 1250 Pharisaeos
3704 1195 3767 1249 et
3808 1186 3954 1250 Sad-
4008 1206 4213 1251 scama,
4257 1183 4258 1242 1

857 1277 1110 1349 Christi,
1159 1299 1304 1361 quae
1357 1291 1696 1363 exsuperat
1752 1301 2004 1346 omnem
2061 1301 2343 1356 sensum,
2461 1282 2709 1344 ducaeos
2766 1283 2943 1344 misit
2998 1283 3250 1346 Paulus.
3302 1285 3386 1347 De
3434 1285 3552 1348 hae
3600 1285 3954 1350 inordinata
3980 1270 4079 1318 ⁶⁵·

856 1378 1167 1440 custodiat
1204 1381 1392 1442 corda
1423 1388 1630 1442 vestra
1665 1388 1727 1442 et
1767 1381 2217 1462 intelligentias
2246 1399 2351 1444 ve-
2462 1379 2947 1462 perniciosaque
3005 1401 3179 1464 pace,
3242 1403 3386 1464 quae
3445 1392 3541 1447 est
3604 1403 3953 1448 consensus

583 1491 826 1543 colmam,
855 1482 1056 1548 stras;
1099 1477 1402 1558 itemque,
1436 1477 1557 1540 Pax
1601 1479 1830 1542 Christi
1875 1479 2148 1542 exsultet
2192 1497 2351 1542 sem·
2458 1479 2821 1560 aliquorum
2873 1482 2939 1543 in
2988 1482 3174 1556 malo,
3224 1483 3314 1544 ait
3360 1483 3689 1546 Psalmista
3734 1503 3751 1546 t
3802 1484 3955 1557 Quia
3980 1502 4217 1543 huma

567 1557 631 1598 ¹⁵·
857 1593 971 1656 per
1015 1575 1080 1636 in
1123 1576 1419 1639 cordibus
1464 1578 1712 1638 vestris,
1759 1577 2039 1660 Denique
2091 1597 2211 1658 pax
2256 1584 2351 1640 est
2461 1578 2656 1640 zelavi
2708 1597 2902 1660 super
2950 1580 3227 1663 iniquOS,
3278 1600 3499 1663 pacem
3552 1591 3953 1664 peccatorum

854 1673 1282 1754 tranquillitas
1319 1674 1584 1749 ordinis,
1619 1694 1762 1756 quae
1795 1676 2084 1738 consistit
2123 1677 2187 1737 in
2230 1676 2349 1739 hoc
2462 1676 2705 1738 videns.
2740 1676 2929 1741 Porro
2960 1680 3037 1742 de
3077 1698 3232 1762 pace
3270 1681 3555 1743 ordinata
3590 1681 3723 1761 jam
3764 1681 3951 1753 dicta,

853 1774 1024 1854 quod
1068 1791 1212 1836 caro
1256 1773 1473 1835 obedit
1517 1774 1794 1856 spiritui,
1839 1775 2215 1838 sensualitas
2256 1795 2350 1837 ra-
2459 1793 2652 1856 quam
2716 1776 2793 1837 ad
2851 1775 3091 1840 Galatas
3156 1778 3337 1860 ponit
3394 1778 3732 1861 Apostolus
3792 1779 3957 1842 inter
4018 1805 4217 1851 Gazam,
4259 1819 4260 1834 z

853 1871 1035 1944 tioni,
1083 1879 1145 1933 et
1195 1872 1352 1934 ratio
1400 1871 1546 1936 Deo.
1601 1871 1760 1934 Dum
1810 1892 1959 1954 ergo
2007 1873 2221 1936 anima
2266 1875 2346 1937 ab
2386 1871 2708 1936 Bfructus
2770 1873 3067 1956 SpirituS,
3129 1896 3330 1958 quum
3390 1896 3425 1939 e
3484 1876 3740 1958 regione
3804 1879 3959 1940 seri·
3984 1870 4049 1909 ²²·
4259 1869 4260 1892 ³

854 1969 1300 2050 inquietudine
1351 1971 1717 2052 passionum
1759 1979 1852 2034 est
1893 1971 2114 2048 libera,
2158 1981 2220 2034 et
2260 1973 2349 2035 di·
2461 1980 2643 2056 ptum
2692 1973 2794 2049 sit,
2847 1972 2981 2036 Non
3032 1981 3129 2035 est
3176 1994 3297 2057 pax
3347 1975 3587 2058 impiis,
3640 1977 3799 2039 dicit
3842 1976 3953 2040 Do-
4018 2001 4215 2044 amm.

853 2067 1020 2130 vinae
1059 2066 1250 2130 fuerit
1291 2069 1414 2150 legi
1467 2069 1585 2131 rite
1625 2069 1932 2150 subjecta,
1977 2089 2195 2152 pacem
2243 2071 2351 2133 ha·
2462 2072 2676 2134 minus
2721 2072 2883 2152 (haec
2932 2072 3166 2135 etenim
3220 2093 3340 2156 pax
3388 2092 3464 2136 ex
3514 2075 3773 2137 caritate
3815 2095 3961 2158 pro-
3987 2066 4213 2110 ²²³m’2'·

853 2167 960 2228 bet
1001 2167 1064 2228 in
1107 2186 1174 2229 se
1213 2175 1276 2229 et
1315 2188 1460 2231 cum
1503 2169 1645 2243 Deo,
1683 2170 1810 2233 imo
1849 2178 1912 2232 et
1949 2189 2096 2232 cum
2140 2171 2352 2252 proxi·
2462 2171 2651 2246 cedit,
2699 2171 3003 2251 quoniam
3055 2171 3279 2234 caritas
3333 2173 3583 2235 ordinat
3630 2174 3957 2237 hominem

855 2285 981 2338 mo,
1015 2274 1326 2348 quantum
1368 2268 1434 2329 in
1477 2286 1543 2330 se
1585 2275 1700 2330 est.
1743 2267 1878 2331 Non
1919 2269 2092 2330 enim
2131 2277 2351 2332 contra
2462 2271 2539 2331 ad
2594 2269 2787 2331 Deum
2838 2276 2900 2330 et
2948 2271 3334 2351 proximum,
3374 2277 3439 2333 et
3486 2271 3581 2334 sic
3619 2271 3771 2335 facit
3814 2292 3959 2336 con-

852 2365 1131 2446 aliquem
1177 2365 1578 2446 passionibus
1621 2368 1911 2446 agitatur,
1949 2385 2074 2429 non
2109 2367 2351 2430 invidia
2399 2401 2409 2408 -
2464 2367 2743 2430 cordiam
2797 2384 2810 2428 :
2866 2375 3125 2449 propter
3182 2369 3354 2448 quod
3411 2369 3567 2431 dicit
3622 2369 3955 2452 Propheta,

855 2464 1238 2538 stimulatur,
1275 2484 1398 2528 non
1433 2465 1524 2527 ira
1563 2465 1872 2527 turbatur.
1907 2466 2229 2528 Interdum
2266 2476 2353 2530 ta-
2464 2465 2585 2527 Pax
2626 2465 2826 2526 multa
2864 2465 3275 2546 diligentibus
3314 2466 3517 2546 legem
3560 2469 3798 2548 tuam);
3836 2488 3958 2550 pax
4012 2486 4223 2527 Pac-12³1.
4261 2469 4262 2500 ³

855 2581 1002 2624 men
1065 2562 1393 2645 proximus
1443 2582 1588 2625 cum
1639 2564 1897 2627 homine
1954 2573 2082 2627 tam
2134 2573 2353 2648 pacato
2466 2564 2585 2625 ista
2626 2563 2900 2625 maxime
2944 2566 3297 2646 expetenda
3335 2572 3397 2626 et
3432 2565 3825 2630 observanda
3860 2577 3959 2630 est
3994 2551 4087 2589 ¹⁸⁵·
4261 2555 4262 2564 ¹

857 2667 1049 2744 atque
1098 2661 1367 2744 pacifico
1416 2681 1634 2744 pacem
1687 2681 1810 2726 non
1863 2663 2052 2726 habet
2095 2672 2354 2746 propter
2467 2661 2723 2723 famulis
2758 2661 3021 2736 Christi.
3064 2661 3233 2724 Beati
3274 2663 3447 2725 enim
3490 2663 3769 2745 pacifici,
3801 2683 3963 2746 quo-
3988 2681 4225 2725 uanus.
4261 2665 4262 2668 ’

860 2780 1041 2823 suam
1106 2760 1609 2842 perversitatem.
1671 2761 1847 2823 Unde
1903 2763 1980 2824 ad
2043 2762 2352 2825 Romanos
2466 2761 2634 2824 niam
2680 2758 2801 2822 filii
2855 2759 2959 2822 Dei
3005 2761 3420 2823 vocabuntur.
3466 2761 3538 2823 Et
3577 2763 3757 2843 juxta
3795 2764 3963 2846 Apo-

759 2888 830 2926 1··‚
861 2860 1015 2921 dicit
1053 2859 1392 2941 Apostolus
1437 2877 1451 2921 ε
1493 2857 1556 2920 Si
1603 2858 1747 2922 fieri
1794 2868 2018 2942 potest,
2060 2862 2233 2942 quod
2276 2879 2352 2921 ex
2466 2859 2721 2933 stolum,
2782 2859 2848 2920 In
2909 2877 3063 2941 pace
3120 2861 3369 2923 vocavit
3425 2879 3538 2924 nos
3595 2861 3809 2940 Deus;
3870 2871 3957 2936 et,
4034 2878 4225 2922 mom,

861 2958 1041 3022 vobis
1072 2965 1187 3032 est,
1222 2977 1366 3020 cum
1400 2957 1698 3021 omnibus
1731 2959 2100 3022 hominibus
2132 2978 2353 3042 pacem
2464 2957 2597 3023 Non
2628 2965 2723 3019 est
2757 2956 2921 3020 Deus
2960 2957 3394 3033 dissensioniS‚
3430 2961 3539 3022 sed
3572 2961 3765 3040 pacis.
3800 2960 3963 3024 Hinc
3994 2945 4135 3046 “2354
4156 3017 4223 3047 m

859 3057 1186 3119 habentes,
2393 3053 2437 3119 C
2464 3059 2541 3119 ad
2600 3055 2907 3137 Ephesios
2963 3057 3248 3119 hortatur
3308 3076 3322 3120 :
3382 3055 3647 3121 Solliciti
3706 3077 3965 3122 servare
3992 3070 4061 3109 ³³-
4263 3130 4264 3152 ἢ

939 3154 1049 3216 Vel
1103 3155 1196 3216 sie
1239 3157 1524 3217 :Pacem
1571 3155 1788 3236 gratim
1836 3158 2131 3236 relinquo
2181 3159 2354 3216 vobis
4014 3129 4222 3185 eptam,

611 2873 740 2916 Rom.

567 2937 633 2977 18.

567 4451 690 4556 Igid.
706 4466 833 4504 xxxu,

571 4519 586 4558 1
627 4548 638 4558 .

2467 3155 2774 3218 unitatem
2819 3154 3082 3236 spiritus
3128 3155 3191 3216 in
3238 3155 3496 3220 vinculo
3538 3158 3736 3239 pacis.
3992 3195 4033 3235 ³.

859 3253 926 3315 in
969 3253 1092 3326 via,
1129 3272 1242 3335 pro
1282 3253 1448 3316 dono
1491 3254 1845 3336 praecipu03
1871 3275 2098 3333 pacem
2137 3254 2356 3336 gloriae

857 3355 940 3412 do
1000 3355 1176 3412 vobis
1239 3353 1305 3414 in
1371 3351 1608 3427 futuro,
1673 3371 1790 3435 pro
1853 3353 2133 3434 praemio.
2196 3353 2354 3416 Hinc

859 3451 1054 3525 enim,
1089 3451 1438 3513 secundum
1470 3451 1918 3532 Augustinum,
1943 3452 2233 3526 dicendo,
2259 3451 2357 3514 Pa·

859 3568 998 3612 cem
1063 3550 1357 3631 relinquo
1421 3550 1624 3623 vobis,
1690 3569 1816 3613 non
1878 3551 2072 3625 addit,
2133 3549 2351 3626 Meam,

859 3649 1012 3729 quia
1055 3667 1174 3730 pax
1216 3649 1561 3711 electorum
1607 3649 1669 3710 in
1705 3649 1825 3722 via,
1861 3656 1954 3710 est
1988 3647 2207 3711 multis
2246 3652 2357 3712 tri-

858 3747 1296 3810 bulationibus
1345 3758 1407 3810 et
1465 3747 1740 3828 peccatis
1795 3747 2092 3822 admixta,
2144 3748 2354 3829 qualis

611 3874 752 3912 ωιιι,
805 3893 815 3903 .
862 3864 985 3908 non
1020 3844 1142 3907 fuit
1183 3864 1302 3927 pax
1335 3845 1586 3918 Christi,
1621 3845 1733 3927 qui
1775 3846 1977 3908 caruit
2014 3847 2188 3909 omni
2225 3848 2357 3909 cul-

863 3964 963 4026 pa.
1016 3943 1136 4007 Sed
1184 3943 1473 4018 dicende,
1519 3943 1736 4006 Pacem
1787 3945 1866 4007 do
1909 3944 2110 4018 vobiS,
2157 3946 2351 4020 addit,

861 4042 1081 4114 Meam,
1125 4042 1428 4124 quoniam
1473 4061 1593 4125 pax
1634 4041 2006 4106 Sanctorum
2045 4043 2108 4104 in
2156 4044 2359 4126 patria

862 4141 1251 4203 assimilatur
1297 4139 1596 4222 perfectae
1644 4141 1782 4223 paci
1833 4141 2085 4216 Christi,
2128 4144 2360 4223 quoni-

2548 3256 2697 3318 Non
2739 3255 3031 3315 turbetur
3066 3275 3175 3315 cor
3216 3265 3522 3325 vestrwm,
3565 3256 3629 3318 id
3672 3263 3789 3330 est,
3832 3276 3961 3321 non

2467 3353 2823 3415 inordinate
2862 3351 3184 3414 afficiatur
3220 3351 3562 3417 affectione
3602 3373 3821 3438 pacem
3864 3356 3967 3419 in-

2468 3460 2709 3514 ternam
2772 3451 3181 3533 impediente,
3232 3473 3435 3532 neque
3478 3456 3787 3533 formidet
3842 3454 3968 3516 hu-

2466 3567 2655 3611 mano
2687 3548 2783 3611 vel
2828 3547 3062 3611 carnali
3106 3549 3334 3612 timore
3366 3567 3381 3611 :
3416 3551 3495 3612 de
3532 3569 3663 3632 quo
3701 3551 3960 3626 dicitur,

2467 3647 2671 3711 Nolite
2708 3635 2933 3710 timere
2962 3665 3068 3710 eos
3106 3649 3218 3729 qui
3252 3667 3483 3731 corpus
3522 3650 3858 3727 occidunt3
3900 3661 3966 3713 et

2470 3843 2821 3918 confidenS,
2884 3843 3128 3926 absque
3188 3853 3429 3909 terrore
3486 3846 3626 3908 erit.
3689 3846 3774 3908 De
3830 3867 3965 3930 quo

2472 3962 2690 4005 rursus
2739 3943 2893 4005 dicit
2941 3941 3267 4024 Scriptura
3310 3961 3324 4005 :
3367 3942 3481 4015 Qui
3530 3945 3712 4008 timet
3761 3945 3961 4008 Deum

2470 4042 2629 4104 nihil
2688 4040 3053 4123 trepidabit.
3118 4040 3225 4102 Est
3281 4049 3493 4103 autem
3550 4043 3713 4104 alius
3770 4043 3965 4107 timor

2468 4141 2673 4203 bonus
2716 4147 2779 4201 et
2820 4139 3163 4214 virtuosus,
3198 4140 3275 4202 de
3319 4159 3447 4221 quo
3492 4141 3558 4202 in
3603 4141 3963 4206 Proverbiis

861 4259 962 4301 am
997 4246 1167 4300 caret
1193 4239 1368 4302 omni
1401 4239 1567 4301 malo
1598 4239 1802 4320 culpae
1831 4246 1893 4300 et
1923 4258 2146 4320 poenae.
2184 4239 2357 4303 Tunc
2391 4242 2440 4304 D
2470 4239 2739 4302 habetur
2790 4256 2803 4300 :
2854 4237 3076 4299 Beatus
3137 4237 3329 4301 homo
3385 4239 3495 4319 qui
3557 4257 3810 4322 semper
3864 4251 3962 4303 est

863 4355 1093 4419 nempe
1137 4337 1415 4419 perfecte
1457 4337 1831 4418 implebitur
1868 4339 2038 4419 quod
2082 4357 2195 4419 per
2237 4339 2360 4401 Isa-

865 4437 988 4498 iam
1036 4436 1335 4498 Dominus
1388 4435 1725 4517 pollicetur
1768 4455 1781 4499 :
1825 4435 2080 4498 Sedebit
2115 4437 2358 4519 (inqui-

864 4539 1005 4611 ens)
1037 4535 1310 4616 populus
1342 4553 1522 4595 meus
1553 4533 1618 4595 in
1655 4533 2129 4615 pulchritudine
2163 4536 2353 4617 paciS,

863 4642 926 4696 et
975 4634 1038 4695 in
1100 4632 1524 4695 tabernaculis
1570 4630 1845 4706 fiduciae,
1895 4641 1959 4695 et
2019 4633 2082 4695 in
2135 4633 2356 4715 requie

864 4732 1186 4814 opulenta.

945 4831 1092 4893 Non
1133 4832 1442 4909 quomodo
1485 4832 1770 4890 mundus
1806 4833 1947 4900 dat,
1988 4829 2052 4892 id
2091 4837 2186 4892 est
2230 4849 2355 4892 non

865 4945 1086 5011 pacem
1148 4927 1464 4989 carnalem
1525 4935 1588 4989 et
1649 4928 2039 5004 saecularem,
2100 4929 2357 5010 qualem

866 5029 1015 5090 dant
1055 5035 1118 5088 et
1159 5034 1500 5108 procurant
1538 5027 1752 5089 saeculi
1793 5027 1987 5109 hujus
2028 5028 2359 5092 vanissimi

865 5131 1196 5200 amatoreS,
1237 5145 1346 5203 eqo
1395 5129 1475 5185 do
1525 5128 1715 5186 vobiS.
1766 5126 1878 5188 Illa
1925 5127 2161 5187 etenim
2214 5145 2356 5207 pax,

867 5232 964 5287 est
1019 5224 1237 5304 quieta
1293 5225 1580 5305 quaedam
1640 5223 1862 5286 fruitio
1910 5224 2360 5306 temporalium

2469 4436 2753 4498 dinatum
2798 4435 3114 4496 timorem.
3147 4433 3503 4497 Metuebant
3546 4454 3823 4518 namque
3856 4437 3967 4500 Ju-

2470 4535 2657 4607 daeOS,
2714 4551 2794 4594 ne
2851 4531 3168 4594 Christum
3229 4539 3291 4594 et
3348 4532 3519 4613 ipsos
3576 4534 3962 4597 occiderent.

2469 4633 2781 4694 Admonet
2816 4631 3010 4711 igitur
3050 4629 3333 4692 Christus
3372 4648 3479 4693 eos
3514 4633 3590 4693 ad
3633 4631 3859 4695 fortem
3900 4643 3967 4695 et

2469 4730 2910 4793 inconcussam
2956 4729 3163 4791 cordis
3206 4729 3646 4791 constantiam.

2550 4827 2673 4891 Cur
2710 4835 2920 4889 autem
2960 4843 3038 4887 ex
3069 4845 3183 4888 sua
3218 4826 3510 4908 passione
3549 4827 3793 4890 turbari
3834 4850 3963 4893 non

2468 4925 2739 4990 debeant
2787 4943 2996 5005 neque
3046 4942 3297 5006 pavere,
3347 4925 3778 5006 subjungitur.
3826 4931 3966 4990 Au-

2467 5027 2658 5087 distis
2696 5027 2853 5104 quia
2896 5043 3005 5100 eqo
3044 5025 3198 5084 dimi
3235 5025 3409 5083 vobis
3438 5045 3462 5084 .·
3492 5027 3689 5095 Vade,
3728 5025 3791 5088 id
3842 5035 3961 5102 est,

2414 5121 2425 5128 ’
2472 5143 2585 5206 per
2622 5123 2979 5204 passionem
3033 5122 3383 5183 secundum
3432 5122 3888 5186 humanitatem
3930 5146 3967 5188 a

2472 5223 2652 5288 vobis
2698 5223 2921 5285 recedo
2963 5223 3041 5284 ad
3087 5222 3405 5285 modicum
3446 5231 3725 5305 tempus,
3766 5236 3825 5286 ec
3864 5248 3968 5286 ve-

871 5323 1261 5398 divitiarum,
1313 5323 1664 5386 carnalium
1713 5323 2107 5400 deliciarum,
2155 5331 2215 5386 et
2264 5341 2364 5386 ce-
2472 5326 2582 5385 nio
2628 5327 2717 5384 ad
2760 5343 2887 5394 vos,
2933 5321 2996 5383 id
3042 5329 3157 5398 est,
3206 5321 3332 5385 cito
3376 5328 3519 5404 post
3562 5325 3969 5390 resurrectio-

4016 3675 4171 3718 Mafflfl.
4192 3687 4223 3718 ¹.

2426 3745 2760 3810 'Salomon
2810 3746 2875 3807 in
2926 3745 3303 3821 ProverbiiS,
3352 3747 3565 3809 Iustus
3621 3749 3801 3829 quasi
3861 3748 3965 3813 leo
3994 3742 4019 3780 ²
4048 3771 4061 3781 ·

3994 3878 4125 3912 xxxin,
4152 3869 4181 3903 1.

4044 3963 4177 4006 Redi.

3990 4040 4125 4071 xxxiv,
4142 4026 4195 4064 1⁶.

4046 4257 4167 4298 Prot.

2470 4337 2760 4420 paviduS.
2804 4335 3085 4417 Apostoli
3130 4342 3342 4399 autem
3392 4337 3753 4399 habuerunt
3793 4339 3966 4402 inor·
3994 4333 4129 4364 ¹¹³¹¹'·
4194 4349 4203 4357 ·
