4300 6259
228 1312 313 1350 vm·
343 1291 410 1355 Si
451 1291 604 1367 filii,
640 1301 704 1355 et
750 1293 1062 1369 heredes;
1106 1295 1370 1357 heredes
1419 1296 1682 1377 quidem
1721 1295 1852 1369 Dei,

1157 527 1508 576 manuario
1551 529 1616 574 m
1657 529 1798 577 car.
1843 531 1929 576 xx
1969 530 2157 577 Luem.
2202 549 2283 560 —
2324 533 2466 578 An‘r.
2510 532 2657 578 xun
3341 511 3459 576 183

343 697 426 758 lis
467 707 660 760 erunt
699 699 998 780 aequaleS,
1033 700 1186 782 quia
1223 701 1300 762 ad
1342 702 1626 766 diversos
1669 721 1858 784 ange-
1885 698 1936 760 Α
1963 721 2056 760 ses
2093 704 2371 763 ostendit
2406 723 2582 764 secus
2613 707 2875 775 rubum,
2906 705 2971 766 id
3010 712 3126 779 est,
3162 705 3343 767 docet
3386 722 3459 765 ac

343 796 560 860 lorum
611 797 870 859 ordines
916 808 1344 876 assumentur,
1377 801 1558 881 juxta
1605 803 1858 883 exigen-
1964 798 2199 880 innuit,
2240 799 2655 864 describendo
2704 802 2897 864 verba
2941 821 3085 884 quae
3133 802 3296 864 Deus
3345 820 3459 884 per

342 896 504 958 tiam
566 895 956 958 diversitatis
1018 899 1394 962 meritorum
1445 919 1705 964 suorum
1733 921 1748 972 ς
1797 913 1858 962 et
1965 897 2263 978 angelum
2295 898 2673 981 loquebatur
2700 902 2775 962 ad
2809 919 2875 962 se
2907 903 3073 964 circa
3102 900 3358 975 rubum,
3382 901 3459 962 de

340 996 486 1072 filii
512 1005 669 1056 sunt
699 997 848 1066 Dei,
876 994 1191 1060 filiatione
1238 997 1534 1080 perfectae
1573 1000 1859 1082 adoptio-
1967 997 2152 1077 cujus
2200 996 2409 1060 medio
2446 998 2705 1078 angelus
2748 998 3125 1080 loquebatur
3159 1000 3238 1061 ad
3285 1017 3457 1072 eum,

343 1093 449 1156 nis
493 1113 612 1177 per
641 1095 1132 1160 similitudinem
1169 1098 1410 1178 gloriae,
1445 1107 1507 1160 et
1544 1100 1858 1182 percepti·
1969 1102 2037 1156 ut
2087 1103 2259 1177 patet
2301 1097 2368 1158 in
2408 1095 2655 1176 Exod03
2687 1101 2855 1159 sicut
2887 1100 3050 1158 dicit
3078 1099 3459 1167 Dominum,

343 1211 472 1256 one
512 1194 884 1257 hereditatis
919 1204 1190 1270 aeternae,
1224 1196 1475 1260 dicente
1504 1197 1804 1279 Apostolo
1838 1217 1851 1260 :
1966 1197 2175 1256 Deum
2202 1197 2562 1266 Abraham,
2595 1206 2654 1256 ec
2683 1198 2891 1257 Deum
2927 1199 3137 1264 IsaaC,
3166 1205 3223 1256 et
3254 1199 3461 1257 Deum

1961 1295 2154 1354 Jacob
2184 1315 2206 1353 .·
2238 1294 2591 1356 secundum
2619 1295 2790 1376 quod
2822 1294 2912 1355 ibi
2941 1293 3177 1376 Moyses
3218 1294 3459 1370 recitat,

173 1437 239 1472 n,
285 1455 296 1465 ,
341 1391 696 1454 coheredes
733 1401 945 1454 autem
980 1391 1248 1470 Christi3
1283 1400 1346 1455 et
1382 1392 1731 1469 psalmista,
1764 1395 1856 1457 Tu
1965 1392 2135 1472 quod
2198 1392 2336 1473 ipse
2392 1391 2678 1454 omnium
2737 1391 3039 1454 Dominus
3098 1399 3161 1454 et
3211 1392 3464 1455 Creator

157 5235 218 5290 37

339 1507 411 1552 es
451 1489 569 1570 qui
617 1489 914 1552 restitues
952 1489 1371 1553 hereditatem
1413 1509 1620 1553 meam
1670 1491 1852 1554 mihi.
1967 1490 2217 1552 vocavit
2254 1507 2323 1551 se
2352 1489 2547 1552 Deum
2590 1490 2818 1552 horum
2857 1490 3050 1552 trium
3081 1488 3465 1552 Patriarcha-

339 1587 492 1650 Haec
539 1595 756 1650 autem
804 1588 1122 1651 hereditas
1171 1596 1268 1652 est
1315 1589 1649 1651 essentiale
1700 1610 1859 1672 prae-
1967 1607 2132 1649 rum.
2166 1587 2257 1650 Ex
2286 1606 2415 1669 quo
2455 1588 2779 1670 probatur,
2813 1589 2984 1670 quod
3022 1587 3237 1670 aliquo
3275 1589 3463 1652 modo

338 1687 550 1750 mium
597 1687 954 1762 Beatorum‚
996 1687 1226 1750 deinde
1265 1695 1362 1750 est
1408 1697 1472 1750 et
1519 1689 1855 1771 praemium
1966 1685 2204 1759 vivant,
2239 1692 2391 1766 puta
2434 1685 2499 1747 in
2547 1685 2779 1761 anima,
2814 1704 3017 1767 quum
3061 1703 3283 1748 eorum
3327 1704 3462 1749 cor-

135 1810 252 1848 or-n.
297 1786 760 1848 -accidentale.
807 1785 984 1849 Unde
1031 1786 1122 1848 ait
1161 1784 1500 1867 Apostolus
1555 1805 1568 1849 :
1621 1785 1853 1849 Oculus
1964 1789 2152 1864 rupta
2192 1782 2321 1845 sint
2366 1771 2651 1865 corpora.
2684 1781 2888 1855 Quum
2936 1784 3173 1846 etenim
3220 1783 3457 1866 Moyses

3524 919 3675 964 lfa-od.
3690 933 3750 972 m,

3488 985 3513 1024 2
3528 987 3571 1027 et
3584 993 3679 1038 seq.

341 1903 474 1947 non
527 1885 712 1959 vidit,
763 1903 883 1947 nec
927 1885 1102 1947 auris
1149 1885 1416 1958 audivit,
1464 1903 1582 1948 nec
1630 1885 1696 1948 in
1746 1904 1853 1949 cor
1889 1887 1936 1949 B
1965 1881 2408 1962 interrogasset
2445 1899 2677 1944 nomen
2709 1880 2839 1955 Dei,
2874 1890 2937 1944 et
2968 1881 3129 1944 Deus
3170 1881 3452 1958 dixisset,
3482 1901 3753 1946 maia-1⁵.

338 1983 624 2046 hominis
653 1985 1094 2057 ascenderunt,
1112 2003 1258 2066 quae
1288 1985 1667 2066 praeparavit
1695 1984 1853 2047 Deus

338 2081 766 2163 diligentibus
816 2099 906 2144 se.
951 2085 1166 2152 Quum
1211 2085 1344 2144 sint
1390 2085 1529 2160 ficii
1576 2104 1855 2145 resurre-

335 2182 582 2242 ctionis
620 2179 956 2255 beatificae,
993 2180 1057 2242 id
1098 2187 1192 2243 est
1230 2180 1430 2243 beatae
1469 2181 1855 2245 immutatio-

337 2278 442 2342 nis
484 2297 502 2342 :
536 2297 686 2360 quae
733 2278 994 2361 proprie
1041 2279 1424 2343 resurrectio
1469 2279 1850 2362 appellatur,

335 2397 492 2440 nam
547 2377 738 2460 impii
793 2378 874 2441 ad
921 2376 1228 2458 maiorem
1287 2379 1712 2441 calamitatem
1759 2397 1855 2441 re-

337 2482 634 2557 surgent.

449 2574 748 2656 Denique
809 2591 887 2635 ex
946 2573 1047 2635 his
1105 2580 1378 2648 aeternae,
1441 2573 1737 2637 increatae
1793 2582 1857 2636 et

338 2673 626 2736 infinitae
673 2671 1012 2754 Sapientia)
1071 2672 1308 2747 verbis,
1362 2680 1535 2754 patet
1583 2671 1854 2755 perfidia

337 2770 824 2836 sceleratissimi
863 2769 1221 2845 Mahometi,
1256 2770 1498 2834 falsitas
1537 2771 1850 2848 Alcorani,

335 2891 524 2936 error
567 2869 1064 2934 Sarracenorum
1100 2877 1164 2933 et
1198 2869 1558 2933 Judaeorum
1598 2889 1672 2932 ac
1710 2870 1858 2933 Tar-

337 2979 655 3034 tarorum.
693 2968 912 3032 Totius
951 2969 1190 3032 etenim
1231 2968 1498 3049 signifer
1535 2968 1850 3043 falsitatiS,

1962 1980 2090 2060 Ego
2121 2000 2265 2042 sum
2294 1980 2407 2062 qui
2448 1999 2613 2053 sum,
2648 1979 2789 2043 Haec
2830 1980 2999 2043 dices
3038 1979 3195 2042 filiis
3224 1981 3454 2062 lsrael;

1964 2079 2255 2161 protinus
2302 2079 2546 2141 addidit
2586 2098 2600 2142 ε
2645 2078 2947 2142 Dominus
2996 2077 3157 2140 Deus
3207 2087 3457 2160 patrum

1963 2185 2343 2251 vestrorum,
2380 2176 2543 2238 Deus
2584 2176 2921 2252 Abraham,
2963 2185 3027 2239 et
3064 2175 3227 2238 Deus
3264 2176 3454 2253 Isaac,

1965 2285 2028 2338 et
2064 2275 2228 2337 Deus
2271 2274 2483 2348 Jacob,
2519 2275 2695 2337 misit
2740 2293 2841 2337 me
2889 2276 2968 2338 ad
3009 2293 3140 2339 vos.
3174 2274 3303 2339 Hoc
3350 2294 3461 2338 no-

1964 2391 2110 2434 men
2154 2380 2249 2434 est
2286 2372 2445 2434 mihi
2487 2373 2552 2435 in
2592 2380 2921 2447 aeternum,
2956 2381 3019 2434 et
3056 2372 3175 2436 hoc
3223 2391 3463 2438 memo-

1966 2470 2120 2532 riale
2174 2489 2389 2533 meum
2439 2471 2504 2532 in
2563 2471 3035 2552 generationem
3085 2479 3149 2533 et
3201 2489 3465 2552 genera—

1965 2569 2225 2631 tionem.

2045 2666 2371 2741 Praeterea,
2406 2675 2478 2729 ut
2506 2667 2567 2730 S.
2602 2666 2919 2750 Sylvester
2946 2666 3111 2750 Papa
3140 2668 3460 2742 disseruit,

1967 2765 2130 2826 Deus
2161 2765 2362 2828 voluit
2392 2783 2459 2827 se
2489 2765 2709 2828 horum
2742 2765 2935 2828 trium
2968 2764 3462 2830 Patriarcharum

1968 2863 2166 2926 Deum
2199 2863 2432 2938 vocari,
2467 2871 2531 2925 et
2568 2862 2686 2924 sub
2728 2865 3325 2928 commemoratione
3354 2885 3463 2929 no-

1966 2961 2210 3024 minum
2241 2979 2461 3025 eorum
2493 2961 2755 3036 exorari,
2773 2962 2852 3023 ad
2886 2961 3337 3025 insinuandum
3370 2983 3462 3025 su-

338 3067 830 3152 pet-fidissimus
858 3067 1270 3144 mahometus,
1304 3069 1370 3131 in
1404 3086 1520 3131 suo
1547 3067 1856 3132 Alam-ano
1892 3066 1937 3129 C
1969 3060 2466 3143 perbeatissimae
2508 3059 2829 3123 Trinitatis
2875 3060 3269 3142 mysterium.
3303 3059 3462 3124 Sunt

337 3165 706 3250 saepissime
740 3173 1148 3248 protestatur,
1181 3168 1354 3248 quod
1394 3174 1536 3249 post
1575 3184 1858 3229 resurre-

337 3267 631 3330 ctionem
659 3264 1023 3346 generalem
1050 3263 1209 3345 justi
1240 3272 1429 3327 erunt
1466 3264 1532 3326 in
1564 3265 1856 3346 paradiso

337 3362 660 3438 terrestri,
695 3371 758 3425 et
796 3361 980 3436 cibis,
1015 3362 1273 3444 potibus
1325 3370 1516 3444 atque
1565 3363 1853 3426 venereis

335 3461 902 3526 abundantissime
950 3460 1017 3523 in
1079 3467 1462 3543 perpetuum
1521 3460 1856 3544 perfruen-

337 3569 468 3624 tur.
525 3560 607 3622 Et
655 3559 818 3622 mira
869 3566 966 3621 est
1025 3558 1274 3622 caecitas
1326 3559 1500 3622 illius
1555 3561 1854 3642 perditis-

337 3660 490 3722 simi
543 3657 906 3732 Mahometi,
957 3656 1111 3739 quia
1166 3656 1538 3739 frequenter
1593 3657 1846 3735 fatetur,

335 3759 518 3840 quod
551 3756 716 3819 Deus
745 3755 923 3818 misit
949 3753 1140 3838 Moysi
1172 3762 1638 3830 testamentum,
1671 3756 1852 3820 Davi-

334 3856 399 3917 di
441 3853 852 3927 Psalterium,
895 3851 1145 3916 Christo
1187 3851 1627 3934 Evangelium,
1664 3861 1728 3916 et
1769 3854 1852 3916 si-

333 3953 402 4016 bi
445 3952 841 4014 Alcoranum
881 3969 896 4013 :
937 3969 1140 4031 quum
1183 3957 1393 4013 tamen
1435 3951 1501 4013 in
1541 3950 1850 4016 Alcorano

333 4052 524 4134 quasi
561 4047 1150 4112 innumerabilibus
1181 4047 1430 4111 vicibus
1463 4048 1851 4112 contradicat

334 4145 694 4230 Scripturis
743 4145 976 4210 veteris
1031 4145 1414 4209 Testamenti
1457 4154 1522 4209 et
1565 4145 1847 4210 Psalterii

1964 3165 2026 3220 et
2065 3159 2206 3222 aliae
2245 3176 2449 3220 causae
2482 3176 2495 3220 ε
2531 3157 2758 3240 prima,
2792 3157 2945 3239 quia
2982 3157 3049 3220 hi
3088 3156 3461 3222 Patriarchae

1966 3256 2227 3319 fuerunt
2284 3256 2475 3338 primi
2526 3263 2589 3318 et
2643 3255 2967 3336 generales
3026 3257 3460 3337 progenitores

1961 3355 2323 3417 Israeliticae
2370 3352 2620 3436 plebis;
2665 3354 2963 3426 secunda,
3014 3353 3167 3435 quia
3212 3353 3463 3418 eximias

1963 3453 2313 3516 sanctitatis
2362 3451 2643 3526 fuerunt,
2678 3459 2740 3513 et
2781 3452 2846 3514 in
2886 3452 3106 3514 multis
3150 3453 3465 3515 excellen-

1961 3551 2112 3613 tiam
2162 3550 2443 3632 aliquam
2492 3549 2876 3630 sortiuntur3
2926 3550 3130 3626 tertia,
3183 3550 3337 3632 quia
3380 3552 3460 3614 ad

1961 3669 2068 3714 eos
2099 3651 2177 3712 de
2208 3647 2435 3712 Christi
2476 3648 2751 3710 adventu
2791 3645 2955 3710 facta
2994 3656 3089 3710 est
3118 3649 3460 3730 repromis-

1961 3749 2056 3812 sio
2099 3747 2455 3822 manifesta,
2490 3754 2560 3808 ut
2598 3753 2770 3827 patet
2806 3746 2871 3808 in
2910 3745 3173 3827 Genesi3
3206 3755 3451 3829 quarta,

1961 3856 2031 3910 ut
2076 3846 2199 3909 filii
2247 3845 2438 3908 Israel
2485 3844 2735 3926 generis
2784 3844 2883 3906 sui
2932 3845 3300 3925 dignitatem
3345 3847 3455 3908 ad—

1961 3952 2301 4019 verterent,
2363 3943 2585 4026 sicque
2651 3943 3067 4006 idololatriam
3134 3943 3449 4020 evitando,

1959 4063 2187 4108 verum
2236 4043 2517 4108 colerent
2560 4041 2781 4116 Deum,
2819 4049 2882 4103 et
2927 4040 3051 4104 Deo
3097 4043 3257 4122 grati
3306 4060 3455 4106 con-

1959 4143 2289 4222 sisterent3
2322 4141 2565 4223 quinta,
2596 4148 2666 4202 ut
2693 4139 2921 4202 horum
2952 4138 3451 4204 Patriarcharum

335 4267 410 4310 ac
451 4244 786 4326 Evangelii
831 4263 846 4307 ε
889 4246 1429 4326 quemadmodum
1470 4244 1536 4308 in
1581 4252 1850 4308 tractatu
1880 4248 1932 4311 D
1961 4241 2226 4304 virtutes
2270 4239 2517 4302 cunctis
2559 4256 2780 4302 eorum
2824 4237 3091 4318 posteris
3132 4238 3196 4300 in
3242 4257 3455 4302 exem-

337 4363 542 4427 quem
589 4350 809 4406 contra
853 4341 1156 4425 perfidias
1194 4343 1488 4406 Alcorani
1533 4351 1594 4405 et
1634 4352 1852 4407 contra

339 4442 638 4524 singulos
677 4441 1079 4522 singulorum
1117 4441 1542 4524 capitulorum
1582 4441 1721 4522 ejus
1757 4460 1854 4504 er-

339 4558 520 4604 rores
575 4539 890 4621 compegi,
923 4539 1068 4602 luce
1114 4540 1347 4603 clarius
1398 4540 1848 4603 demonstravi.

337 4639 466 4704 Nec
518 4638 792 4702 dubium
851 4639 1011 4721 quin
1061 4640 1253 4702 etiam
1306 4638 1389 4701 sit
1445 4647 1665 4702 contra
1720 4658 1853 4702 om-

339 4757 490 4802 nem
557 4737 913 4800 naturalem
967 4737 1462 4819 philosophiam,
1514 4737 1854 4799 beatitudi—

339 4855 490 4900 nem
539 4834 826 4899 hominis
873 4834 941 4897 in
983 4834 1418 4917 voluptatibus
1468 4834 1854 4898 constituere

337 4943 572 5016 gustus
613 4939 680 4996 et
722 4940 947 4995 tactus,

1960 4339 2066 4421 pla
2108 4344 2635 4421 proponerentur.

2054 4436 2341 4517 lnsuper,
2392 4435 2563 4516 quod
2620 4451 2696 4496 ex
2756 4434 3168 4515 praeallegatis
3224 4435 3451 4518 Moysis

1961 4535 2174 4600 verbis
2238 4533 2529 4615 sequitur
2593 4533 2705 4595 hos
2764 4532 2977 4595 vivere
3036 4533 3445 4612 Patriarchas,

1961 4633 2188 4716 probat
2230 4631 2531 4694 Salvator.
2566 4634 2738 4691 Deus
2767 4640 2981 4692 autem
3008 4651 3139 4694 non
3166 4644 3255 4695 est
3284 4654 3452 4696 mor-

1964 4742 2245 4803 tuorum,
2268 4733 2379 4790 sed
2408 4731 2705 4790 vivorum
2728 4749 2749 4787 .·
2772 4749 2985 4789 omnes
3012 4732 3188 4792 enim
3218 4734 3452 4796 vivunt

1959 4833 2041 4890 ei.
2076 4829 2196 4891 Sed
2237 4835 2454 4891 eontra
2494 4826 2629 4888 haec
2668 4825 2862 4889 verba
2908 4835 3115 4908 potest
3152 4828 3297 4891 fieri
3340 4832 3454 4893 tri-

1963 4929 2109 5010 plex
2158 4925 2433 5007 objectio
2476 4943 2490 4987 ε
2534 4923 2761 5000 Prima,
2809 4925 2961 5006 quia
3009 4925 3171 4988 Deus
3220 4927 3453 4991 dicitur

453 5032 770 5112 Deinceps
827 5029 1070 5093 Veritas
1137 5030 1500 5112 specialiter
1557 5029 1855 5111 reprobat
1956 5027 2153 5108 judex
2201 5025 2493 5089 vivorum
2549 5030 2611 5084 et
2658 5029 3053 5086 mortuorum
3106 5043 3119 5086 :
3173 5042 3320 5106 ergo
3368 5028 3453 5090 si-
3492 5040 3593 5084 m.
3616 5041 3743 5092 με.

343 5129 840 5193 Sadducaeorum
889 5145 1193 5201 errorem,
1227 5126 1596 5209 negantium
1647 5145 1852 5189 resur-

347 5227 722 5290 rectionem.
775 5227 944 5296 Qaia
993 5247 1140 5287 vero
1189 5234 1537 5302 resuryunt
1584 5227 1850 5294 morcui,

347 5325 412 5387 id
442 5333 542 5387 est
575 5331 860 5387 mortuos
889 5341 1029 5386 esse
1059 5331 1548 5398 resurrecturOS,
1580 5333 1640 5384 et
1671 5325 1855 5402 Moy-

1961 5125 2197 5188 militer
2235 5123 2358 5185 dici
2407 5129 2611 5204 potest
2652 5121 2815 5183 Deus
2854 5139 3095 5184 eorum.
3138 5122 3445 5198 Secunda,

1959 5223 2112 5305 quia
2141 5219 2383 5304 praefati
2426 5219 2795 5281 Patriarchoe
2824 5237 2973 5281 vere
3010 5227 3157 5282 sunt
3190 5224 3447 5301 mortui,

3508 5220 3619 5264 Gen.
3639 5232 3739 5268 xxv,

3480 5286 3519 5336 83
3534 5295 3661 5333 xxxv,
3674 5285 3739 5334 Ξῦς

1963 5319 2499 5404 quemadmodum
2534 5316 2860 5399 Scriptura
2889 5318 3211 5382 describit.
3227 5321 3449 5400 Tertia,
3478 5361 3503 5390 ι

3508 5361 3589 5400 ux,
3608 5347 3675 5388 32.
