4300 6259
1192 523 1540 572 ENARuATlo
1582 523 1647 570 m
1687 523 1825 571 cAP.
1872 526 1911 570 V
1950 524 2227 573 Jomls.
2274 546 2356 556 —
2396 527 2536 572 ΛΒΤ.
2583 529 2666 573 XV

3353 511 3472 575 377

360 713 521 773 qua»
557 714 669 772 eqo
704 695 879 772 facio
923 695 1184 777 propria
1222 695 1477 770 virtute,
1520 696 1871 758 secundum
1902 693 1949 756 A
1983 716 2097 779 per
2155 699 2453 762 vaticinia
2513 699 2990 784 Prophetarum,
3052 723 3166 786 per
3226 705 3475 769 diversa

360 793 547 872 quod
603 791 787 869 DeuS,
847 800 908 855 et
965 794 1032 856 in
1093 803 1403 876 quantum
1462 796 1650 858 homo
1709 794 1871 858 facio

358 909 443 952 ea
476 891 711 954 virtute
742 892 963 966 Patris,
998 893 1127 956 imo
1160 895 1353 955 totius
1385 893 1729 968 Trinitatis,
1766 912 1873 955 cu-

355 989 475 1070 jus
524 996 621 1052 cst
668 1010 792 1053 una
841 997 1137 1072 potestaS,
1178 995 1615 1053 testimonium
1649 993 1874 1069 perhi-

360 1089 517 1149 bent
553 1091 634 1148 de
673 1109 797 1159 me,
826 1091 1011 1167 quia,
1054 1089 1118 1151 id
1167 1097 1264 1152 est
1308 1091 1500 1171 quod,
1536 1093 1737 1151 Pater
1776 1111 1873 1150 me

356 1189 575 1254 misit,
609 1185 927 1261 videlicet,
961 1189 1131 1269 quod
1170 1207 1207 1249 a
1244 1187 1367 1251 Deo
1400 1187 1567 1260 veni,
1602 1195 1665 1249 et
1705 1194 1872 1250 recta

356 1304 484 1365 ago
532 1292 596 1348 et
645 1285 958 1367 praedico.·
986 1285 1161 1348 Sicut
1207 1287 1379 1348 enim
1420 1287 1649 1348 veritas
1693 1294 1873 1347 natu-

360 1384 521 1446 ralis
550 1383 834 1446 scientiae
863 1383 1166 1465 probatur
1197 1402 1310 1466 per
1341 1384 1600 1447 rationis
1632 1384 1873 1446 discur-

360 1503 535 1556 sum,
572 1500 649 1544 ex
683 1483 1019 1564 principiis
1061 1501 1175 1565 per
1203 1501 1269 1544 se
1301 1483 1487 1556 notiS,
1522 1485 1615 1546 sic
1653 1503 1873 1566 super-

364 1577 679 1643 naturalis
730 1581 960 1644 veritas
1018 1580 1173 1645 fidei
1234 1583 1702 1644 demonstratur
1760 1601 1872 1665 per

358 1697 564 1760 opera
611 1680 730 1742 soli
783 1679 907 1743 Deo
959 1678 1307 1761 possibilia,
1366 1680 1477 1760 qui
1537 1700 1739 1761 quum
1792 1681 1873 1743 sit

363 1777 625 1852 veritas,
662 1796 991 1860 nunquam
1026 1778 1178 1841 facit
1210 1797 1405 1860 opera
1442 1779 1590 1840 talia
1616 1780 1695 1841 ad
1727 1797 1873 1842 con-

1981 807 2373 861 sacramenta
2421 808 2484 862 et
2535 809 2710 881 gesta
2767 801 3080 884 figuralia.
3133 803 3328 878 Unde,
3382 824 3478 868 se-

1981 899 2260 960 cundum
2311 899 2756 980 Augustinum,
2807 901 2991 964 Nulla
3037 910 3183 964 aetas
3232 905 3477 968 vacavit

1979 1016 2015 1058 a
2045 998 2379 1078 prophetia
2409 1000 2485 1062 de
2517 998 2784 1062 Christo.
2818 1000 3076 1083 Propter
3105 1002 3275 1082 quod
3304 1004 3475 1084 apud

1980 1095 2214 1158 Lucam
2264 1097 2590 1160 Zacharias
2637 1099 2981 1162 disseruit:
3016 1099 3229 1163 Erexit
3276 1121 3474 1165 cornu
3533 1117 3767 1169 Luc.=,eo,

1982 1195 2202 1260 salutis
2241 1195 2448 1270 nobiS,
2483 1197 2648 1260 sicut
2685 1200 2934 1262 locutus
2963 1207 3059 1261 est
3098 1219 3212 1281 per
3241 1219 3310 1264 os
3341 1220 3478 1264 san·
3506 1181 3573 1222 ⁷⁰·

1983 1301 2228 1356 ctorum
2287 1296 2398 1376 qui
2447 1314 2484 1357 a
2533 1297 2762 1360 saeculo
2821 1305 2969 1360 sunt
3023 1297 3477 1381 Prophetarum

1982 1393 2143 1473 ejus,
2179 1393 2440 1456 Videtur
2488 1405 2697 1458 autem
2746 1395 3030 1460 Christus
3077 1399 3154 1460 ad
3202 1399 3478 1461 litteram

1980 1491 2158 1572 loqui
2209 1492 2286 1553 de
2335 1492 2697 1556 testimonio
2756 1494 2927 1557 vocis
2986 1502 3262 1576 paternae
3321 1515 3482 1579 prae-

1982 1588 2130 1653 fato.
2184 1589 2491 1671 Loquitur
2549 1591 2720 1654 enim
2781 1612 2952 1655 nunc
3001 1588 3351 1657 distinctim
3402 1596 3481 1658 de

1981 1688 2217 1770 triplici
2269 1689 2633 1754 testimonio
2683 1691 2801 1754 sibi
2860 1692 3204 1773 perhibito,
3261 1700 3480 1776 utpote

1978 1787 2256 1860 Ioannis.
2305 1794 2365 1850 et
2407 1807 2696 1870 operum,
2743 1809 2814 1853 ac
2860 1791 3076 1853 Patris.
3455 1798 3460 1802 ”

364 1876 802 1939 firmationem
861 1877 1116 1940 erroris.
1166 1877 1471 1950 Quoniam
1529 1896 1677 1958 ergo
1723 1878 1872 1939 talia
1907 1879 1953 1940 B
2074 1890 2298 1966 Neque
2355 1907 2565 1948 vocem
2621 1890 2762 1966 ejus
2819 1911 3115 1970 unquam
3174 1891 3476 1952 audistis.

366 1974 574 2036 multa
610 1973 765 2036 fecit
799 1975 1003 2050 JeSUS,
1037 1984 1281 2039 certum
1322 1985 1417 2038 est
1463 1977 1634 2057 quod
1672 1995 1709 2038 a
1748 1976 1871 2040 Deo

367 2073 608 2135 missus
652 2073 756 2148 sit,
805 2092 1127 2156 verusque
1169 2076 1385 2138 doctor
1428 2076 1747 2160 consistat.

153 2177 223 2232 37
456 2174 539 2233 Ec
567 2174 687 2251 qui
714 2175 894 2234 misit
927 2194 1025 2234 me
1056 2177 1273 2236 Pater.
1305 2173 1549 2255 Duplex
1588 2181 1683 2235 est
1723 2174 1870 2236 mis-

364 2270 465 2334 sio
513 2269 659 2332 Filii
706 2269 815 2332 Dei
864 2289 877 2333 :
923 2271 1058 2334 Una
1106 2271 1470 2345 invisibilis,
1522 2291 1647 2352 qua
1696 2271 1871 2334 Pater

364 2389 401 2432 a
455 2369 780 2452 principio
840 2370 1061 2431 mundi
1122 2370 1297 2431 misit
1343 2378 1642 2432 aeternam
1690 2369 1868 2452 Sapi-

365 2468 607 2531 entiam
638 2469 717 2530 ad
748 2476 992 2530 mentes
1023 2467 1387 2542 electorum,
1407 2487 1521 2550 per
1551 2469 1669 2532 hoc
1699 2470 1869 2551 quod

364 2567 763 2630 illuminavit
808 2587 913 2630 eas
961 2567 1163 2649 gratia
1212 2586 1342 2630 suae
1390 2567 1727 2650 Sapientiae
1776 2569 1871 2631 in-

364 2675 595 2730 creatae
646 2686 719 2730 ac
774 2668 1024 2748 genitae.
1076 2666 1281 2740 Quum
1341 2667 1511 2729 enim
1572 2669 1637 2730 in
1693 2667 1870 2730 Patre

364 2766 445 2828 sit
483 2766 829 2828 auctoritas
860 2767 1068 2847 quoad
1108 2766 1362 2841 Filium,
1395 2775 1587 2849 atque
1618 2767 1683 2830 in
1713 2768 1871 2831 Filio

364 2865 833 2928 subauctoritas
873 2873 1185 2946 quantum
1225 2868 1304 2929 ad
1339 2865 1607 2946 Patrem,
1644 2885 1873 2930 conve-

368 2965 463 3026 nit
514 2964 761 3026 Patrem
810 2964 1064 3026 mittere
1112 2964 1367 3039 Filium,
1407 2965 1599 3027 etiam
1648 2985 1875 3028 secun-

1979 1984 2313 2058 Quaeritur,
2349 1988 2668 2066 quomodo
2710 1987 2991 2052 Salvator
3032 1989 3198 2051 dicat
3235 1989 3480 2052 Judaeos

1981 2103 2312 2164 nunquam
2379 2084 2633 2147 audisse
2699 2104 2918 2148 vocem
2984 2086 3205 2149 Patris.
3276 2086 3481 2169 Supra

1980 2182 2175 2256 enim,
2210 2183 2490 2264 capitulo
2519 2183 2725 2259 terti0,
2752 2185 2912 2246 dixit
2937 2186 3016 2246 ad
3044 2185 3475 2260 Nicodemum,

1980 2280 2255 2362 Spiritus
2316 2280 2425 2342 ubi
2475 2281 2614 2342 vult
2670 2281 2889 2362 spirat,
2941 2289 3002 2344 et
3061 2302 3280 2346 vocem
3341 2284 3480 2365 ejus
3509 2305 3773 2355 Joaununs.

1978 2379 2161 2442 audis
2197 2398 2211 2442 :
2246 2381 2417 2461 quod
2463 2379 2693 2441 melius
2742 2380 3120 2461 intelligitur
3165 2382 3242 2444 de
3285 2381 3483 2465 Spiri-

1980 2485 2047 2540 tu
2090 2477 2318 2542 Sancto
2361 2498 2556 2560 quam
2595 2480 2672 2540 de
2712 2485 2921 2541 vento.
2971 2478 3146 2542 Sicut
3189 2499 3342 2562 ergo
3379 2481 3483 2544 Ju-

1983 2576 2099 2639 daei
2149 2577 2490 2638 audierunt
2529 2594 2746 2640 vocem
2795 2575 3068 2658 Spiritus
3113 2577 3345 2654 Sancti,
3389 2579 3482 2642 sic
3609 2655 3617 2658 ,

1984 2682 2046 2736 6(
2092 2673 2313 2737 Patris.
2365 2675 2650 2755 Denique
2695 2675 2964 2738 Joannes
3020 2677 3128 2752 ait,
3187 2676 3312 2757 Ego
3361 2695 3482 2740 vox
3510 2698 3771 2749 manaa.

1984 2773 2314 2835 clamantis
2363 2772 2430 2834 in
2479 2773 2728 2836 deserto
2772 2793 2787 2836 :
2831 2791 2980 2855 ergo
3025 2775 3340 2839 audiendo
3386 2774 3484 2838 Jo-

1982 2890 2236 2945 annem,
2293 2871 2633 2933 audierunt
2692 2890 2910 2935 vocem
2969 2873 3189 2936 Patris.
3241 2873 3362 2936 Sed
3421 2881 3484 2935 et

1983 2971 2268 3033 Christus
2319 2978 2415 3032 est
2453 2970 2720 3032 verbum
2760 2978 2822 3032 et
2867 2990 3075 3034 sermo
3122 2971 3318 3034 Patris
3355 2990 3368 3034 :
3405 2973 3482 3033 de

366 3065 521 3124 dum
564 3062 848 3125 divinam
889 3071 1202 3125 naturam.
1238 3062 1443 3125 Simili
1488 3065 1731 3127 ratione
1767 3065 1874 3127 Pa·
1909 3066 1953 3132 C
1982 3087 2110 3150 quo
2139 3070 2215 3131 ad
2257 3067 2550 3132 Hebraeos
2585 3069 2740 3132 dicit
2770 3070 3128 3152 Apostolus,
3163 3069 3357 3133 Vivus
3388 3077 3484 3132 est
3551 3089 3773 3139 Hebr.1v,

364 3169 463 3223 ter
511 3169 577 3224 et
628 3161 821 3224 Filius
869 3163 1131 3224 mittunt
1180 3162 1487 3245 Spiritum
1547 3163 1868 3238 Sanctum,

365 3263 520 3344 quia
553 3261 619 3323 in
653 3260 811 3343 ipsis
841 3271 937 3324 est
963 3262 1299 3324 auctoritas
1328 3264 1534 3343 quoad
1564 3262 1868 3345 Spiritum

368 3361 697 3433 Sanctum,
750 3367 813 3422 et
861 3359 926 3422 in
974 3359 1215 3442 Spiritu
1262 3361 1489 3425 Sancto
1536 3361 1872 3425 subaucto-

368 3459 523 3522 ritas
551 3460 635 3520 ad
674 3459 917 3521 Patrem
949 3467 1012 3521 et
1048 3459 1305 3534 Filium,
1337 3461 1521 3541 quasi
1552 3461 1630 3522 ad
1670 3480 1871 3523 unum

370 3557 768 3643 principium
821 3577 1154 3640 unumque
1203 3558 1577 3640 spiratorem
1614 3578 1687 3620 ac
1734 3559 1875 3621 fon-

368 3664 521 3718 tem.
554 3655 644 3719 De
682 3655 800 3718 hac
840 3673 1071 3738 nempe
1112 3656 1427 3738 spirituali
1461 3662 1523 3718 et
1559 3656 1869 3719 invisibili

368 3754 677 3816 missione
732 3753 940 3828 Verbi,
977 3753 1245 3816 habetur
1285 3755 1353 3816 in
1402 3755 1568 3817 libro
1616 3753 1875 3837 Sapien÷

371 3853 475 3915 tiae
520 3872 533 3915 :
574 3851 751 3914 Mitte
801 3853 977 3914 illam
1020 3854 1096 3915 de
1136 3853 1314 3916 coelis
1364 3853 1597 3915 sanctis
1645 3853 1771 3916 tuis
1812 3861 1876 3915 et

368 3971 407 4013 a
455 3953 607 4013 sede
655 3950 1113 4030 magnitudinis
1174 3959 1316 4024 tuae,
1371 3958 1440 4013 ut
1486 3970 1737 4014 mecum
1792 3953 1875 4014 sit

90 4057 337 4112 Galat-wa.
369 4057 431 4112 et
481 4067 736 4111 mecum
794 4049 1059 4114 laboret.
1112 4049 1251 4111 Alia
1302 4057 1396 4110 est
1454 4050 1674 4114 missio
1730 4050 1871 4112 Filii

368 4148 477 4210 Dei
530 4147 904 4229 temporalis
952 4154 1144 4228 atque
1195 4147 1492 4222 visibilis,
1535 4167 1680 4229 quae
1718 4149 1873 4211 dici-

88 3863 187 3919 Sap.
203 3879 259 3917 ix,
272 3870 341 3911 ¹0.

1985 3185 2194 3230 sermo
2231 3166 2362 3240 Dei,
2399 3175 2459 3228 et
2490 3166 2742 3241 efficax,
2779 3176 2842 3230 et
2877 3168 3330 3250 penetrabilior
3357 3156 3580 3232 om-·¹²·

1989 3266 2051 3328 ni
2097 3266 2308 3346 gladio
2356 3266 2641 3347 ancipiti.
2694 3267 2868 3339 Quod
2926 3267 3097 3329 enim
3151 3267 3211 3329 id
3263 3268 3341 3329 (16
3389 3268 3486 3329 in-

1987 3373 2195 3430 creato
2236 3364 2345 3427 Dei
2387 3364 2591 3428 Verbo
2630 3366 2894 3440 dicatur,
2938 3366 3240 3429 elucescit
3286 3384 3364 3428 ex
3408 3384 3484 3430 eo

1985 3465 2157 3546 quod
2207 3463 2502 3525 subditur
2545 3483 2558 3526 :
2605 3463 2679 3525 Et
2721 3483 2846 3527 non
2895 3471 2990 3526 est
3030 3465 3158 3526 ulla
3196 3472 3484 3527 creatura
3538 3484 3747 3528 strata.

1986 3561 2330 3625 invisibilis
2382 3563 2447 3623 in
2499 3569 2842 3643 conspectu
2893 3562 3072 3643 ejus;
3115 3563 3329 3625 omnia
3375 3582 3485 3624 au-

1986 3669 2111 3724 tem
2171 3660 2342 3722 nuda
2388 3668 2449 3721 et
2497 3668 2713 3742 aperta
2768 3667 2916 3722 sunt
2963 3661 3166 3722 oculis
3217 3661 3358 3742 ejus
3405 3663 3484 3724 ad

1984 3778 2180 3840 quem
2217 3758 2401 3821 nobis
2443 3776 2671 3820 sermo.
2705 3758 2921 3838 ltaque
2950 3758 3266 3822 audiendo
3306 3758 3486 3822 >Chri-

1985 3864 2170 3933 stum,
2195 3856 2535 3918 audierunt
2565 3855 2830 3918 verbum
2864 3874 3354 3938 sermonemque
3383 3857 3486 3922 Pa-

1982 3955 2117 4028 triS‚
2155 3963 2216 4017 et
2248 3973 2362 4036 per
2392 3973 2788 4035 consequens
2821 3973 3042 4018 vocem
3077 3955 3305 4038 ipsiuS.
3332 3955 3485 4019 Prae-

1982 4062 2154 4116 terea
2201 4072 2377 4116 sacra
2414 4052 2740 4135 Scriptura
2789 4072 2999 4117 nonne
3039 4072 3161 4117 vox
3210 4053 3319 4116 Dei
3365 4062 3482 4136 est,

1982 4152 2233 4214 dicente
2263 4151 2570 4233 Apostolo‚
2587 4150 2799 4213 Omnis
2829 4151 3150 4233 Scriptura
3181 4152 3482 4215 divinitus
3535 4179 3572 4223 u
3592 4178 3774 4226 rimu,

366 4254 473 4309 tur
504 4245 857 4309 incarnatio
888 4245 1042 4326 ejus.
1060 4245 1188 4308 Nec
1218 4247 1486 4309 dubium
1516 4247 1675 4328 quin
1708 4247 1873 4310 Chri·
1903 4249 2290 4331 Djnspirata
2326 4253 2351 4311 2
2397 4249 2592 4312 Judaei
2651 4267 2801 4330 ergo
2856 4250 3172 4313 audiendo
3231 4251 3485 4333 eloquia
3515 4245 3579 4284 ¹⁶·

366 4353 505 4408 stus
554 4345 624 4406 in
672 4346 917 4408 mundo
965 4363 1369 4420 conversanS,
1418 4345 1789 4408 mittebatur
1834 4365 1873 4408 a

365 4443 547 4506 Patre
586 4444 665 4506 ad
704 4444 921 4506 omnia
958 4443 1095 4506 loca
1128 4451 1191 4506 et
1217 4461 1413 4526 opera
1449 4463 1873 4526 quaecumque

365 4541 636 4606 accessit
672 4549 782 4604 aut
817 4541 990 4604 fecit.
1024 4541 1157 4605 Imo
1196 4541 1480 4606 Christus
1522 4543 1873 4604 secundum

368 4642 544 4723 quod
573 4640 758 4714 Deus,
778 4639 955 4702 misit
982 4657 1051 4702 se
1080 4639 1293 4722 ipsum
1325 4641 1674 4703 secundum
1703 4642 1875 4723 quod

371 4739 611 4818 homo.⁴

456 4841 603 4916 Ipse
642 4837 1077 4899 testimonium
1113 4839 1451 4914 perhibuit
1480 4840 1562 4898 de
1600 4857 1716 4897 me.
1750 4836 1877 4900 Hoc

373 4934 741 5017 specialiter
772 4934 975 5016 accipi
1017 4930 1224 5016 po'test
1254 4935 1331 4996 de
1369 4934 1733 4998 testimonio
1770 4934 1880 4997 Pa-

118 5044 345 5100 Μααιωιι,
377 5033 495 5094 tris
551 5052 683 5114 quo
740 5033 807 5095 in
866 5032 1184 5115 baptismo
1246 5033 1497 5095 locutus
1555 5041 1651 5094 est
1702 5052 1715 5096 :
1768 5033 1879 5098 Hic

103 5109 159 5150 ¹⁷·
375 5141 475 5194 est
520 5130 718 5193 Filius
768 5149 949 5193 meus
999 5131 1287 5193 dilectus.
1334 5130 1543 5194 Nihilo
1582 5131 1796 5193 minus
1843 5153 1880 5195 a

376 5229 699 5312 principio
742 5230 965 5291 mundi
1013 5228 1340 5312 perhibuit
1381 5229 1557 5292 Pater
1601 5231 1882 5294 testimo-

372 5327 555 5391 nium
596 5327 846 5392 Christo
895 5346 1009 5410 per
1048 5327 1301 5392 oracula
1347 5326 1875 5405 Patriarcharum,

1982 4347 2438 4429 Prophetarum
2481 4367 2554 4410 ac
2590 4347 2840 4431 MoysiS‚
2882 4349 3223 4410 audierunt
3263 4367 3481 4412 vocem

1983 4445 2114 4506 Dei.
2148 4445 2386 4528 Moyses
2424 4463 2682 4526 quoque
2711 4445 2799 4507 ait
2838 4446 2904 4508 in
2943 4445 3428 4510 Deuteronomio
3465 4465 3479 4509 ε

1982 4542 2392 4606 Probavimus
2424 4543 2610 4606 hodie
2649 4545 2822 4624 quod
2851 4544 3152 4625 loquente
3180 4543 3304 4608 Deo
3335 4564 3484 4608 cum
3513 4570 3776 4622 ommi.

1984 4641 2264 4716 homine,
2301 4641 2531 4704 vixerit
2570 4642 2802 4721 homo;
2847 4660 3068 4706 vocem
3119 4641 3260 4723 ejus
3307 4643 3487 4706 audi-

1986 4739 2194 4802 vimus
2238 4739 2316 4801 de
2355 4740 2565 4803 medio
2609 4739 2796 4820 ignis.

2064 4837 2327 4911 Quidam
2359 4837 2751 4920 expositores
2783 4837 3056 4900 faciliter
3083 4845 3484 4901 transeuntes

1987 4936 2229 5010 dicunt,
2263 4936 2434 5016 quod
2475 4936 2616 4998 ideo
2647 4935 2933 4999 Christus
2975 4935 3134 4997 dixit
3172 4935 3309 4998 istis
3352 4955 3488 5018 per-

1987 5034 2187 5097 versis
2244 5033 2722 5115 incredulisque
2778 5033 3031 5109 Judaeis,
3093 5036 3262 5116 quod
3321 5055 3484 5097 nun-

1985 5151 2180 5214 quam
2228 5132 2566 5194 audierunt
2615 5149 2832 5195 vocem
2887 5130 3108 5207 Patris,
3158 5132 3311 5213 quia
3358 5152 3483 5196 non
3521 5139 3528 5147 ‘

1986 5231 2326 5293 audierunt
2372 5230 2838 5311 praeinductum
2893 5231 3331 5293 testimonium
3380 5249 3486 5294 vo-
3539 5289 3693 5334 Mam:
3723 5303 3766 5332 m

1990 5329 2081 5392 cis
2121 5334 2398 5410 paternae
2437 5329 2516 5391 de
2544 5328 2702 5392 Filio
2735 5328 2798 5391 in
2839 5329 3160 5411 baptismo
3194 5347 3208 5392 :
3243 5329 3355 5392 Hic
3389 5337 3486 5392 est
3516 5355 3582 5396 17.
3699 5322 3710 5333 ’
3769 5321 3782 5341 '
