4300 6259
1119 483 1478 532 ‘ENARRATIO
1521 479 1584 528 m
1625 477 1763 528 CAP-
1809 477 1892 528 XX
1934 475 2122 528 LUCAE.
2167 501 2245 511 —
2287 477 2429 529 Am.
2474 477 2619 528 xmu

3304 453 3421 526 177

325 649 690 726 Jerusalem,
723 671 870 734 quae
910 652 1034 718 fuit
1076 655 1447 737 metropolis
1489 653 1826 736 Synagogae
1855 649 1907 710 A
1935 659 2283 732 verterunt,
2342 671 2419 714 ex
2476 652 2569 714 eis
2628 651 3019 734 primitivam
3077 651 3426 714 Ecclesiam

328 767 434 810 seu
493 749 702 832 plebis
760 752 1059 824 Iudaicas,
1115 753 1598 826 crucifixerunt,
1637 752 1830 833 juxta

103 865 300 908 sciram.
328 846 484 910 illud
525 850 605 911 ad
648 849 942 914 Hebraeos
989 871 1002 914 ε
1043 851 1247 926 Jesus,
1291 860 1361 914 ut
1402 849 1829 913 sanctificaret

87 931 136 972 ¹²·
327 946 660 1028 populum,
713 956 888 1011 extra
946 959 1194 1033 portam
1252 968 1476 1032 passus
1523 957 1639 1011 est.
1690 948 1824 1022 Vel,

325 1043 614 1124 Ejectum
660 1055 838 1110 extra
878 1047 1154 1124 vineam,
1189 1049 1311 1111 hoc
1354 1055 1470 1122 est,
1505 1048 1583 1109 de
1625 1046 1829 1109 cordi-

323 1142 442 1204 bus
477 1142 840 1208 Judaeorum
877 1146 1234 1219 exclusum,
1275 1145 1429 1227 quia
1465 1151 1829 1208 averterunt

327 1241 638 1323 populum
687 1243 872 1324 quasi
921 1250 1126 1307 totum
1175 1264 1212 1306 a
1254 1243 1522 1318 Christo,
1565 1260 1828 1324 praeser-

325 1339 440 1401 tim
485 1339 552 1400 in
595 1340 701 1403 die
741 1340 1138 1417 ParasceveS,
1182 1343 1438 1423 quando
1489 1342 1824 1404 universus

123 1453 257 1496 uati.
327 1437 604 1519 populus
651 1440 1085 1505 exclamavit:
1128 1439 1397 1521 Sanguis
1445 1439 1584 1520 ejus
1633 1457 1828 1522 super

155 1519 255 1568 ¹’·²⁵
329 1553 440 1598 nos
471 1543 534 1597 et
563 1555 760 1619 super
787 1537 962 1602 filios
1003 1545 1273 1602 nostros.
1310 1537 1645 1600 Credentes
1676 1553 1828 1617 quo-

329 1651 453 1714 que
495 1635 562 1696 in
603 1634 926 1699 Christum
965 1636 1703 1709 excommunicaverunt,
1738 1651 1830 1695 se·

81 1750 232 1852 gom.
248 1761 299 1799 ιι,
327 1733 608 1795 cundum
640 1733 802 1798 illud
829 1735 1125 1798 Ioannis:
1148 1734 1283 1797 Jam
1314 1733 1830 1816 conspiraverant

328 1927 672 2004 Christum,
717 1938 896 1993 extra
939 1948 1321 2013 synagogam
1361 1929 1568 1992 fieret.

406 2029 584 2095 Quid
628 2049 776 2106 erqo
813 2029 1014 2105 faciet
1055 2030 1194 2089 illis
1229 2031 1533 2089 domiuus
1571 2028 1776 2089 vineoe
1798 2030 1828 2089 ?

325 2125 442 2188 hoc
481 2134 602 2200 est,
643 2146 840 2208 quam
880 2147 1137 2210 poenam
1176 2146 1292 2210 pro
1336 2134 1507 2189 tanto
1547 2126 1827 2188 facinore

325 2223 576 2305 infliget
605 2225 734 2288 illis
763 2225 926 2288 Deus
959 2225 1264 2289 Dominus
1295 2224 1668 2307 Synagogaei
1699 2224 1828 2287 Hoc

326 2322 612 2386 Christus
656 2325 1091 2406 interrogavit,
1127 2331 1196 2386 ut
1237 2324 1380 2388 illos
1423 2324 1658 2386 faceret
1698 2340 1828 2384 ma-

323 2421 418 2501 gis
455 2429 753 2499 attentOS,
787 2431 980 2504 atque
1022 2430 1092 2485 ut
1129 2423 1572 2486 enormitatem
1615 2439 1831 2484 exces-

326 2538 432 2581 sus
472 2519 733 2583 illorum
775 2521 1137 2584 ostenderet
1171 2539 1184 2583 :
1217 2521 1369 2602 quia
1408 2519 1642 2583 occisio
1685 2519 1826 2581 Filii

325 2615 432 2678 Dei
489 2617 617 2680 fuit
679 2619 1022 2700 singulare,
1083 2637 1408 2681 summum
1465 2627 1528 2680 et
1585 2618 1829 2682 incom-

329 2716 614 2796 parabile
661 2719 891 2792 sceluS,
937 2725 1197 2800 propter
1243 2719 1414 2799 quod
1459 2723 1830 2780 meruerunt

330 2835 534 2898 usque
587 2816 654 2877 in
703 2815 904 2878 finem
957 2815 1258 2896 relinqui,
1312 2824 1375 2877 et
1421 2815 1831 2898 corporaliter

329 2915 879 2996 spiritualiterque
918 2913 1147 2978 vastari
1188 2932 1262 2975 ac
1304 2914 1628 2976 trucidari.
1670 2913 1831 2976 Hinc

1936 757 2396 825 construentes,
2451 750 2616 812 sicut
2670 751 2735 812 in
2784 751 3045 813 Actibus
3100 749 3429 832 Apostolo-

1938 867 2078 908 rum
2120 849 2527 910 describitur.
2566 852 2699 918 Quo
2737 851 2965 909 audito
2991 850 3309 909 dimerunc
3345 850 3429 908 il-

1939 948 2012 1018 li,
2048 955 2200 1028 puta
2239 946 2483 1029 praefati
2526 946 2734 1010 coloni
2770 965 2783 1008 ε
2817 948 3025 1008 Absit.

2017 1043 2195 1107 Circa
2244 1045 2377 1108 haec
2424 1044 2661 1127 duplex
2710 1044 2912 1108 oritur
2952 1044 3219 1125 quaestio
3254 1062 3267 1106 :
3303 1042 3434 1104 Pri-

1935 1161 2059 1217 ma,
2120 1143 2439 1223 quomodo
2494 1141 2693 1205 Lucas
2750 1140 3031 1227 affirmet
3088 1141 3435 1224 ipsummet

1937 1240 2256 1304 Christum
2304 1241 2707 1323 respondisse
2763 1241 2899 1304 haec
2946 1240 3161 1316 verba,
3212 1239 3435 1302 Perdet

1935 1339 2190 1402 colonos
2239 1339 2421 1419 illos;
2462 1357 2664 1420 quum
2715 1339 2782 1401 in
2822 1338 3104 1402 Matthaeo
3150 1338 3433 1400 scriban-

1934 1446 2040 1499 tur
2067 1438 2276 1502 coloni
2308 1439 2400 1501 sic
2431 1439 2851 1520 respondisse,
2874 1437 3061 1502 Malos
3092 1438 3257 1500 male
3288 1455 3430 1519 per·
3456 1457 3716 1508 uanam,

1935 1537 2060 1612 det,
2098 1544 2217 1599 etc.
2260 1535 2567 1612 Secunda,
2599 1538 2917 1618 quomodo
2953 1537 3152 1599 Lucas
3196 1536 3431 1598 scribat
3456 1523 3526 1565 ⁴¹·

1936 1633 2077 1698 illos
2122 1635 2379 1710 dixisse,
2432 1635 2653 1716 Absit3
2703 1654 2905 1717 quum
2962 1634 3285 1697 Matthaeus
3335 1652 3431 1696 re-

1937 1733 2098 1796 ferat
2137 1752 2245 1797 eos
2288 1735 2524 1797 dixisse
2568 1734 2760 1798 verba
2808 1741 3101 1817 praetacta
3147 1731 3432 1796 affirma-

325 1828 542 1904 Iudaei,
595 1839 668 1894 ut
723 1832 778 1894 si
826 1832 972 1913 quis
1023 1851 1170 1895 eum
1229 1831 1643 1897 confiteretur
1691 1847 1828 1892 esse
1862 1832 1911 1896 B
1936 1833 2088 1907 tive,
2129 1833 2319 1896 Malos
2364 1834 2527 1896 male
2571 1834 2812 1916 perdet,
2846 1841 2911 1896 et
2952 1833 3203 1896 vineam
3251 1851 3431 1896 suam

1937 1930 2170 1994 locabit
2214 1931 2379 1994 aliis.
2420 1967 2500 1978 --
2537 1930 2631 1994 Ad
2679 1931 2799 1995 hoc
2842 1933 3280 2012 respondetur,
3332 1949 3434 1993 se-

1937 2031 2217 2092 cundum
2258 2030 2681 2111 Augustinum
2722 2029 2887 2093 libro
2926 2030 3003 2091 de
3042 2029 3434 2092 Concor-dan-

1935 2127 2024 2188 tia
2079 2127 2646 2208 Evangelistarum,
2700 2128 2870 2208 quod
2932 2127 3215 2190 Christus
3274 2127 3435 2190 dixit

1938 2225 2301 2307 parabolam
2344 2227 2527 2288 istam
2559 2225 2625 2287 in
2664 2225 2999 2307 praesentia
3035 2226 3431 2288 sacerdotum

1937 2332 2000 2386 et
2029 2323 2415 2399 Scribarum,
2434 2343 2509 2387 ac
2537 2323 2759 2406 plebis,
2785 2323 2852 2385 in
2882 2342 3010 2404 qua
3038 2323 3225 2386 multi
3256 2331 3435 2386 erant

1938 2423 2185 2486 Christo
2224 2423 2541 2502 faventes;
2578 2423 2691 2503 qui
2722 2423 2911 2485 etiam
2948 2422 3309 2505 parabolam
3350 2423 3437 2483 is-

1937 2529 2068 2583 tam
2108 2522 2392 2604 plenarie
2435 2540 2561 2584 non
2606 2521 3053 2602 intelligenteS,
3091 2521 3299 2603 primo
3342 2539 3437 2582 re-

1939 2622 2354 2702 sponderunt,
2398 2619 2585 2684 Malos
2635 2620 2799 2682 male
2839 2621 3058 2702 perdet
3102 2639 3115 2682 :
3159 2638 3435 2702 quorum

1941 2719 2419 2801 responsionem
2462 2717 2746 2781 Christus
2794 2716 3227 2800 approbando,
3263 2734 3437 2799 repe·

1939 2817 2042 2878 tiit
2080 2835 2252 2897 eam3
2284 2825 2347 2879 et
2384 2825 2537 2879 tunc
2576 2818 2929 2880 sacerdotes
2968 2823 3031 2879 et
3069 2815 3304 2878 Scribae
3341 2817 3439 2878 in-

1939 2914 2295 2995 telligentes
2326 2915 2403 2977 ad
2434 2932 2503 2976 se
2530 2915 2851 2996 pertinere
2881 2914 3263 2996 parabolam,
3288 2932 3438 2977 con-

331 3013 620 3076 Christus
681 3013 1098 3095 personaliter
1145 3013 1224 3074 ad
1273 3012 1831 3092 interrogationem
1867 3011 1911 3075 C
1941 3013 2207 3074 scientia
2268 3013 2665 3076 remordente
2728 3013 3045 3088 dixerunt,
3106 3011 3307 3074 Absit.
3370 3011 3434 3074 Si

152 3116 209 3170 16
330 3131 510 3174 suam
565 3112 907 3194 respondet
938 3130 952 3173 ε
979 3113 1216 3181 Veniet,
1258 3129 1384 3172 non
1435 3110 1643 3173 locum
1695 3129 1834 3173 mu-

329 3212 544 3285 tando,
579 3211 691 3272 sed
721 3210 1030 3273 ultionem
1061 3208 1338 3271 debitam
1369 3211 1741 3284 exercend0,
1773 3219 1833 3270 et

323 3313 552 3387 perdet
581 3313 832 3370 colonos
860 3309 1035 3375 istos,
1067 3307 1189 3370 hoc
1217 3315 1334 3380 est,
1367 3308 1572 3369 tradet
1603 3307 1668 3368 in
1701 3327 1834 3369 ma-

331 3427 451 3470 nus
481 3407 938 3480 Romanorum,
973 3413 1038 3468 et
1064 3405 1143 3467 ab
1175 3405 1612 3469 invisibilibus
1642 3406 1834 3468 hosti-

329 3506 449 3569 bus
496 3505 826 3589 permittet
857 3524 962 3568 eos
1002 3504 1258 3587 penitus
1301 3504 1618 3581 excaecari,
1643 3513 1834 3586 atque

331 3607 407 3667 ad
450 3605 849 3687 sempiterna
893 3603 1214 3685 supplicia
1257 3603 1558 3684 pertrahi.
1603 3601 1832 3683 Sicque

82 3721 304 3776 armas.
331 3704 395 3766 in
435 3705 531 3766 eis
576 3703 910 3786 impletum
949 3709 1044 3764 est
1081 3700 1239 3764 illud
1268 3701 1554 3764 Jeremiae
1589 3720 1602 3764 :
1637 3701 1833 3764 Induc

329 3819 524 3882 super
554 3818 664 3863 eos
694 3799 866 3861 diem
895 3797 1288 3873 afflictionis,
1323 3805 1385 3859 et
1414 3798 1655 3880 duplici
1688 3817 1836 3862 con-

324 3900 591 3963 tritione
649 3906 904 3960 contere
962 3914 1091 3971 eoS,
1147 3895 1432 3960 Domine.
1495 3895 1626 3959 Hoc
1679 3905 1743 3958 et
1797 3917 1834 3959 a

327 3996 590 4060 Daniele
632 3995 1036 4078 apertissime
1081 4001 1178 4056 est
1226 3995 1596 4077 praedictum
1652 4013 1665 4058 :
1721 3995 1831 4057 ubi

79 4115 300 4170 namn.
327 4104 670 4178 postquam
730 4095 972 4158 dictum
1031 4101 1146 4168 est,
1207 4092 1350 4157 Post
1407 4094 1831 4158 hebdomadas

1941 3119 2149 3172 autem
2193 3110 2553 3191 objiciatur,
2587 3112 2741 3192 quia
2780 3112 3131 3173 secundum
3164 3109 3438 3174 Matthae-

1943 3229 2075 3283 um,
2127 3211 2480 3273 sacerdotes
2540 3219 2603 3272 et
2652 3208 2887 3273 Scribae
2946 3211 3431 3291 responderunt,

1941 3307 2129 3370 Malos
2175 3308 2339 3370 male
2379 3310 2600 3390 perdet
2636 3327 2649 3371 ε
2684 3309 3046 3383 dicendum,
3087 3309 3259 3390 quod
3298 3326 3437 3370 ver-

1942 3406 2024 3468 ba
2075 3407 2479 3487 evangelistae
2526 3406 2795 3469 Matthaei
2845 3406 3259 3468 determinate
3308 3425 3434 3468 non

1943 3505 2314 3587 exprimunt
2355 3505 2495 3580 hoc,
2538 3506 2691 3586 quia
2739 3505 2973 3568 dicitur
3012 3506 3077 3567 in
3127 3503 3431 3580 Matthaeo,

1942 3602 2139 3665 Aiunt
2183 3603 2301 3665 illi.
2356 3601 2588 3666 Tamen
2640 3623 2717 3666 ex
2766 3603 2991 3667 ordine
3028 3611 3091 3664 et
3138 3610 3434 3667 contextu

1944 3701 2283 3766 verborum
2323 3702 2473 3764 satis
2506 3709 2789 3784 apparet,
2824 3703 2995 3783 quod
3036 3701 3157 3783 ipsi
3200 3700 3430 3776 coloni,

1943 3800 2188 3862 scilicet
2233 3800 2585 3863 sacerdotes
2628 3807 2691 3862 et
2729 3799 2985 3875 Scribae,
3019 3800 3139 3863 hoc
3178 3817 3437 3882 respon-

1943 3899 2195 3960 derunt.
2247 3897 2379 3971 Quo
2437 3916 2759 3972 concess0,
2817 3898 2941 3960 dici
3001 3905 3210 3981 potest
3264 3899 3433 3979 quod

1942 3997 2205 4079 quidam
2254 4013 2473 4059 eorum
2528 3997 2720 4058 simul
2772 4016 2915 4058 eum
2965 3996 3152 4078 plebe
3202 3997 3294 4059 sic
3340 4016 3438 4059 re-

1941 4095 2358 4177 sponderunt,
2392 4103 2455 4157 et
2485 4095 2675 4176 paulo
2715 4102 2857 4177 post
2885 4096 3148 4175 quidam
3187 4096 3435 4159 acutius

327 4196 658 4276 sexaginta
696 4195 852 4256 duas
890 4193 1214 4256 occidetur
1252 4192 1558 4268 ChristuS,
1602 4201 1664 4255 et
1703 4213 1830 4256 non
1860 4196 1911 4260 D
1942 4195 2410 4257 considerantes
2450 4211 2708 4256 sensum
2748 4193 3081 4276 parabolae,
3114 4194 3432 4272 dixerunt,

327 4295 448 4356 erit
475 4293 622 4375 ejus
654 4292 956 4374 populus,
992 4291 1105 4372 qui
1135 4307 1284 4352 eum
1319 4299 1660 4372 negaturus
1692 4300 1828 4373 est3

113 4403 268 4451 mam.
328 4394 626 4473 protinus
684 4389 1000 4464 subditur,
1054 4388 1384 4452 Civitatem
1434 4396 1495 4451 et
1546 4397 1834 4455 sanctua-

328 4489 495 4550 rium
537 4488 878 4570 dissipabit
919 4487 1195 4570 populus
1235 4507 1383 4550 cum
1421 4489 1581 4550 duce
1612 4497 1835 4551 ventu—

327 4605 417 4651 ro.
451 4587 636 4650 Unde
673 4586 1056 4668 praecedenti
1106 4585 1385 4668 capitulo
1429 4587 1588 4649 dixit
1625 4585 1834 4649 Salva-

113 4705 200 4750 ιιι.
223 4722 302 4760 ιιι,
327 4693 424 4750 tor
468 4705 482 4750 :
526 4685 667 4751 Non
711 4685 1080 4767 relinquent
1119 4685 1185 4748 in
1225 4694 1286 4747 te
1324 4685 1600 4768 lapidem
1640 4703 1835 4768 super

79 4767 135 4809 ⁴⁶·
331 4783 634 4867 lapidem,
669 4801 744 4847 eo
783 4784 954 4865 quod
997 4801 1126 4846 non
1170 4784 1540 4863 cognoveris
1579 4791 1831 4866 tempus

329 4882 716 4946 visitationis
773 4889 920 4944 tuae.
973 4884 1062 4944 Et
1112 4883 1293 4942 dabit
1343 4883 1602 4943 vineam
1651 4885 1828 4956 aliis,

328 4980 446 5044 hoc
495 4989 618 5055 est,
659 4978 1074 5062 Synagogam‚
1119 4987 1430 5059 quantum
1479 4981 1558 5042 ad
1599 4981 1830 5044 electos

329 5097 404 5141 ex
443 5097 540 5154 ea,
577 5079 930 5141 committet
969 5077 1308 5158 regendam
1346 5077 1684 5188 ApostoliS,
1717 5079 1830 5161 qui

91 5228 170 5273 ,a
185 5245 224 5284 n
235 5236 304 5286 ⁴¹;
330 5185 471 5259 post
509 5176 745 5240 Christi
786 5175 1148 5258 passionem
1185 5183 1248 5237 et
1286 5175 1653 5240 missionem
1695 5176 1834 5261 Spi-

79 5301 124 5340 n.
137 5295 170 5336 ι.
331 5275 490 5338 ritus
531 5273 747 5338 Sancti
797 5273 998 5337 multa
1042 5274 1248 5337 millia
1286 5273 1646 5338 Judaeorum
1685 5294 1835 5341 con-

583 5407 766 5460 T..12

1941 4292 2140 4354 Absit.

2022 4390 2211 4455 Porro
2259 4390 2739 4473 Chrysostomus
2788 4389 2976 4453 aliam
3036 4398 3291 4472 praestat
3338 4409 3438 4452 re—

1943 4489 2373 4572 sponsionem,
2408 4489 2676 4552 dicendo
2714 4490 2884 4570 quod
2920 4489 3116 4552 Judaei
3158 4490 3293 4553 sive
3335 4508 3439 4553 co-

1942 4588 2095 4663 loni,
2128 4588 2320 4650 corde
2348 4589 2811 4669 responderunt
2840 4589 3011 4670 quod
3042 4588 3263 4650 scribit
3289 4587 3438 4650 Mat-

1941 4687 2167 4761 thaeuS,
2210 4685 2526 4760 videlicet,
2572 4684 2759 4750 Malos
2799 4686 2963 4748 male
3010 4687 3273 4768 perdet3
3327 4703 3435 4748 ore

1941 4793 2150 4848 autem
2202 4784 2500 4847 dixerunt
2546 4785 2932 4867 oppositum,
2978 4792 3168 4867 prout
3215 4783 3437 4847 recitat

1939 4883 2162 4946 Lucas.
2196 4881 2522 4964 Scriptura
2556 4891 2767 4945 autem
2806 4883 3177 4965 frequenter
3205 4883 3437 4964 cogita·-

1942 4983 2146 5045 tiones'
2187 4981 2395 5045 cordis
2433 4979 2627 5043 refert
2667 4983 2851 5062 quasi
2891 4983 3057 5044 dicta
3094 4981 3431 5045 sermoniS.

1941 5080 2104 5143 Dicit
2129 5080 2374 5162 quippe
2405 5078 2883 5162 chrysostomus
2913 5081 3231 5162 quoddam
3262 5087 3437 5143 nota-

1942 5179 2073 5242 bile
2105 5197 2119 5242 :
2154 5178 2386 5253 Posuit,
2412 5177 2731 5259 inquiens,
2756 5179 3099 5258 quemdam
3132 5178 3433 5261 spiritum

1943 5276 2225 5340 scientias
2259 5275 2411 5340 boni
2442 5284 2505 5339 et
2538 5276 2687 5339 mali
2718 5275 2880 5339 Deus
2920 5277 2987 5340 in
3026 5277 3429 5356 hominibus,

3122 5411 3185 5462 12
