4300 6259
1133 495 1486 545 malumno
1529 496 1594 543 ΙΝ
1635 496 1773 543 cAP.
1820 495 1904 541 vu
1946 494 2225 543 mamus·
2270 515 2351 527 —
2391 497 2532 545 ΛΒΤ.
2578 499 2687 545 xlx

3344 478 3463 544 417

52 676 310 730 υοωωι,
348 632 794 745 tumcumque¹
820 666 1089 730 subtiles
1135 675 1199 730 et
1239 668 1496 730 eruditi.
1529 666 1644 740 Qui
1689 667 1863 729 enim
1893 666 1944 727 A
1975 686 2055 729 na
2086 686 2235 731 vero
2266 669 2556 732 voluntas
2586 679 2777 752 atque
2806 670 3099 752 potentia,
3115 676 3249 731 erat
3276 686 3466 731 eausa

23 746 64 785 ⁴.

111 960 190 1014 29

51 1366 116 1407 Cl'.
129 1366 314 1410 Joann.

29 1443 116 1481 vnn,
133 1432 206 1472 55.

71 3741 209 3784 Cant.
225 3755 322 3791 nu.

45 3806 84 3853 1,
107 3806 147 3847 2.

347 777 426 821 se
455 760 612 821 dicit
643 781 828 826 nosse
859 764 1081 839 Deum,
1115 773 1178 828 et
1219 768 1514 829 mandata
1553 765 1692 846 ejus
1733 784 1860 829 non

347 860 654 933 custodit,
689 863 960 925 mendax
1005 871 1120 926 est.

437 960 576 1036 Ερο
624 967 840 1022 autem
896 964 1027 1023 scio
1079 983 1226 1023 eum
1267 984 1290 1022 .·
1336 962 1488 1044 quia
1546 969 1616 1024 ut
1670 961 1857 1035 DeuS,

349 1056 834 1137 comprehendo
894 1077 1042 1121 eum
1109 1060 1446 1142 plenarie3
1507 1061 1860 1122 seeundum

351 1160 652 1217 naturam
703 1174 853 1220 vero
901 1166 1311 1240 assumptam,
1368 1158 1498 1221 vidi
1549 1176 1693 1220 eum
1746 1175 1862 1239 per

350 1253 640 1333 speciem
695 1255 775 1316 ab
829 1256 1283 1319 incarnationis
1340 1256 1680 1339 principio,
1734 1256 1862 1318 cla-

353 1351 628 1433 riusque
657 1372 852 1434 quam
882 1354 1117 1437 aliquis
1148 1354 1502 1417 Beatorum.
1553 1357 1634 1416 Ει
1671 1358 1732 1414 si
1759 1357 1861 1414 di-

349 1470 512 1511 oeero
550 1454 709 1531 quia
739 1472 870 1513 non
901 1456 1034 1514 scio
1068 1474 1241 1521 eum,
1270 1474 1376 1514 ero
1414 1456 1655 1515 similis
1685 1455 1859 1513 vobis

351 1552 646 1610 mendam
674 1570 698 1610 .·
727 1552 901 1631 quod
940 1550 1341 1632 impossibile
1379 1557 1490 1625 est,
1513 1571 1716 1633 quum
1747 1552 1862 1613 Ve-

350 1648 508 1711 ritas
550 1667 678 1711 non
725 1649 927 1731 possit
967 1649 1248 1724 mentiri,
1285 1667 1402 1712 nec
1433 1650 1685 1713 Creator
1727 1668 1862 1712 cre-

347 1746 556 1809 aturis
597 1748 662 1809 in
707 1747 879 1811 vitiis
920 1747 1326 1812 conformari.
1361 1752 1492 1811 Sed
1536 1752 1665 1809 scio
1714 1769 1861 1811 eum

349 1845 624 1907 scientia
681 1846 960 1909 increata
1017 1865 1130 1910 seu
1187 1847 1736 1929 comprehensiva,
1799 1854 1862 1908 et
1897 1846 1943 1908 B
2050 1849 2142 1908 De
2193 1849 2381 1908 turba
2432 1858 2651 1909 autem
2697 1850 2891 1909 multi
2928 1849 3347 1909 crediderunt
3392 1847 3465 1908 in

350 1952 565 2006 creata
609 1945 709 2007 vel
756 1944 1042 2019 fruitiva,
1076 1948 1235 2026 quia
1267 1948 1347 2007 ab
1375 1947 1512 2023 ipso
1541 1967 1712 2017 sum,
1743 1945 1862 2008 hoc

351 2050 474 2115 est,
499 2042 579 2106 ab
629 2061 704 2105 eo
750 2044 968 2125 accepi
1019 2061 1180 2119 esse,
1226 2052 1290 2107 et
1337 2045 1506 2107 idem
1567 2061 1856 2119 numere,

353 2160 487 2205 non
517 2142 1000 2225 diversum,per
1024 2144 1496 2224 generationem
1527 2150 1858 2223 aeternam3

351 2248 414 2299 et
445 2242 584 2318 ipse
613 2262 711 2303 me
742 2243 948 2311 misit,
978 2260 1095 2323 per
1134 2242 1588 2305 incarnationis
1634 2249 1864 2324 myste-

355 2338 550 2413 rium,
606 2338 727 2401 hoc
776 2347 895 2421 est,
943 2359 1046 2402 me
1097 2340 1437 2415 incarnari,
1492 2339 1862 2403 hominibus

351 2454 668 2519 apparere
715 2438 1160 2519 mundumque
1215 2439 1460 2501 salvare
1508 2437 1856 2501 constituit.

353 2534 637 2597 Scicntia
673 2543 882 2597 autem
927 2536 1516 2619 comprehensionis
1567 2535 1863 2619 perfectae

353 2633 667 2717 competit
695 2634 870 2708 Filio,
887 2636 1128 2698 ratione
1156 2635 1584 2716 generationis
1615 2634 1858 2697 divinae.

353 2732 636 2795 Scientia
664 2730 826 2795 vero'
847 2732 1081 2807 infusa,
1112 2732 1398 2808 fruitiva‚
1432 2740 1495 2795 et
1526 2733 1589 2795 in
1631 2751 1864 2813 genere

355 2830 602 2893 notitiae
649 2837 876 2893 creatae
925 2849 1176 2893 summe
1224 2830 1526 2914 perlecta,
1566 2831 1865 2895 convenit

355 2928 610 2993 Christo
672 2929 916 2991 ratione
973 2929 1300 2993 missionis
1360 2929 1654 3012 prael'atae.
1708 2930 1866 3003 Quo-

1973 763 2267 827 el'fieiens
2286 768 2467 859 guod
2497 776 2719 849 captus
2750 786 2877 831 non
2922 767 3065 836 suit,
3100 767 3251 849 quia
3281 765 3469 828 refre-

1974 862 2148 925 navit
2181 864 2485 926 malitiam
2514 864 2896 941 Judaeorum,
2932 884 3056 929 non
3090 864 3463 946 permittens

1971 976 2110 1022 eam
2143 960 2209 1022 in
2240 970 2451 1023 actum
2484 965 2847 1044 procedere.
2872 1000 2952 1009 —-
2976 961 3465 1043 Praeterea,quia

1972 1057 2036 1119 in
2071 1052 2409 1140 Evangelio
2452 1061 2683 1143 saepius
2732 1061 2983 1143 legitur,
3016 1060 3309 1124 Nondum
3363 1078 3467 1123 ve-
3544 1078 3713 1124 Jlauh.

1973 1156 2065 1217 nit
2105 1156 2259 1219 hora
2298 1157 2458 1239 ejuS,
2494 1158 2595 1222 vel
2644 1159 2889 1241 aliquid
2938 1159 3168 1236 simile,
3204 1158 3464 1240 quidam
3493 1155 3607 1191 ω’·
3651 1145 3737 1195 ⁴⁵³

1971 1254 2415 1319 haereticorum
2446 1257 2657 1319 dicere
2697 1258 2831 1320 ausi
2872 1263 3040 1332 sunt,
3075 1257 3245 1339 quod
3288 1256 3465 1319 Jesus
3491 1205 3755 1319 mmlx?

1970 1361 2155 1415 natus
2195 1361 2293 1417 est
2330 1355 2449 1417 sub
2490 1364 2663 1419 certo
2710 1355 2859 1431 fato,
2896 1356 2994 1427 vel
3046 1354 3469 1419 constellatio·
3494 1331 3761 1446 33,ζῆζὸᾗῆ

1971 1470 2071 1527 ne,
2097 1452 2282 1533 cujus
2314 1453 2548 1515 virtute
2577 1453 2729 1517 fecit
2756 1474 2900 1536 quae
2928 1454 3099 1517 fecit.
3125 1452 3246 1517 Sed
3275 1470 3465 1536 quam
3496 1458 3663 1507 ''u-²⁰³
3682 1470 3753 1508 ²1¹¹·

1969 1549 2202 1613 salsum
2237 1552 2319 1613 sit
2350 1552 2635 1628 hoc,non
2668 1560 2917 1635 oportet
2947 1552 3240 1635 probare,
3265 1571 3466 1633 quum
3492 1520 3679 1632 {3.³.‚¹‚'f¹’
3709 1522 3754 1571 ¹²

1970 1658 2214 1711 certum
2276 1651 2359 1712 sit
2417 1651 2629 1732 ipsum
2698 1652 3271 1733 supernaturaliter
3328 1668 3467 1712 esse

1970 1757 2350 1832 conceptum
2392 1768 2466 1811 ac
2510 1758 2750 1812 natum.

3598 1857 3665 1913 31

1968 1965 2142 2017 eum,
2191 1948 2362 2028 quod
2422 1954 2588 2009 esset
2644 1946 2919 2022 Messias,
2978 1957 3038 2008 et
3094 1948 3395 2008 dicebant
3443 1967 3467 2006 .·

1973 2046 2265 2105 Christus
2313 2065 2515 2124 quum
2568 2047 2841 2117 venerit,
2888 2046 3216 2125 numquid
3262 2048 3467 2122 plura

1967 2144 2158 2217 siqua
2186 2144 2410 2219 faciet,
2440 2164 2635 2223 quam
2666 2164 2811 2224 quoe
2836 2145 2945 2205 hic
2972 2145 3189 2223 facit?
3218 2141 3307 2204 Ex
3338 2160 3468 2224 quo

1972 2238 2038 2300 hi
2087 2239 2200 2320 qui
2260 2240 2347 2302 ita
2402 2241 2721 2317 dixerunt,
2774 2249 2955 2304 erant
3012 2242 3339 2305 eredentes
3400 2240 3465 2302 in

1969 2337 2206 2411 Jesum,
2260 2339 2512 2401 videtur
2570 2340 2662 2403 sie
2718 2341 3166 2423 exponendum
3220 2358 3235 2402 :
3288 2338 3467 2402 Chri-

1971 2444 2107 2497 stus
2156 2455 2359 2518 quum
2410 2439 2676 2515 venerit,
2730 2439 2849 2503 hoc
2895 2448 3011 2515 est,
3066 2438 3119 2500 si
3169 2444 3463 2519 ponatur,

1972 2537 2324 2598 secundum
2391 2538 2665 2601 aliorum
2730 2538 3233 2611 aestimationem,
3294 2537 3469 2617 quod

1973 2632 2262 2698 Christus
2320 2638 2605 2699 nondum
2663 2638 2940 2713 advenit,
2992 2646 3203 2699 tamen
3262 2654 3467 2716 quum

1973 2741 2036 2795 et
2082 2734 2134 2796 si
2186 2735 2453 2809 venerit,
2509 2743 2694 2818 prout
2744 2735 2837 2797 illi
2896 2741 3285 2817 exspectant,
3338 2751 3466 2797 non

1972 2831 2165 2895 faciet
2211 2833 2397 2914 plura
2444 2834 2753 2895 miracula
2797 2852 2990 2915 quam
3032 2832 3237 2897 efficit
3278 2833 3399 2895 iste
3446 2851 3461 2896 ε

1975 2930 2114 2993 ideo
2154 2938 2251 2993 est
2294 2931 2679 2993 credendum
2722 2932 2891 3012 quod
2934 2931 3018 2994 sit
3055 2931 3362 3006 Christus,
3398 2931 3465 2994 in

357 3028 535 3091 niam
575 3028 752 3091 enim
793 3028 1036 3106 ‚missus
1076 3036 1171 3090 est
1219 3029 1296 3091 ad
1344 3029 1720 3119 salvandum
1761 3047 1864 3110 ge·
1893 3026 1936 3090 C
1973 3029 2158 3111 cujus
2208 3031 2485 3092 adventu
2536 3030 2834 3091 dixerunt
2879 3028 3207 3110 Prophetae
3266 3030 3467 3093 multa

357 3147 484 3190 nus
515 3127 894 3201 humanum,
929 3128 1071 3189 data
1099 3136 1196 3189 est
1223 3128 1281 3190 ei
1322 3128 1687 3191 omnimoda
1730 3128 1866 3210 ple-

359 3226 590 3290 nitudo
629 3226 850 3306 gratiae
891 3233 1084 3307 atque
1128 3225 1411 3288 scientiae
1453 3225 1692 3288 inditae.

455 3326 842 3395 Quaerebant
895 3344 1044 3403 erqo
1096 3324 1420 3406 principes
1472 3332 1534 3387 et
1580 3323 1860 3386 fautores

359 3442 587 3488 eorum
615 3444 766 3485 eum
802 3426 1303 3502 apprehendere,
1338 3424 1458 3487 hoc
1496 3430 1591 3486 est
1635 3439 1861 3503 capere

357 3523 440 3585 ad
487 3521 933 3596 occidendum,
964 3541 1092 3585 non
1139 3522 1437 3604 amplecti
1489 3524 1565 3584 ad
1615 3520 1865 3604 perfru-

358 3622 624 3695 endum,
687 3621 768 3683 de
823 3639 953 3702 qua
1009 3620 1520 3702 apprehensione
1578 3620 1862 3701 loquitur

357 3718 609 3802 Sponsa
646 3720 712 3781 in
745 3717 1018 3781 Canticis
1053 3736 1066 3781 ε
1101 3718 1251 3791 Quis
1297 3718 1455 3782 mihi
1488 3720 1593 3781 det
1634 3725 1694 3779 te
1739 3718 1862 3781 fra-

359 3826 524 3880 trem
567 3834 807 3892 meum,
844 3823 913 3878 ut
961 3816 1284 3881 inveniam
1331 3825 1392 3879 te
1439 3816 1616 3889 foriS,
1652 3823 1715 3878 et
1757 3818 1863 3879 de-

356 3916 615 3981 osculer
652 3934 727 3977 ac
755 3915 1232 3998 apprehendam
1264 3917 1370 3977 tei
1414 3914 1536 3979 Nos
1577 3933 1856 3997 quoque,

354 4015 514 4097 quia
553 4032 682 4079 non
726 4032 1068 4094 possumus
1097 4012 1310 4076 Jesum
1360 4013 1862 4096 comprehende-

353 4132 448 4188 re,
486 4114 858 4175 studeamus
899 4112 1123 4175 saltem
1163 4113 1646 4195 apprehendere
1684 4130 1855 4188 eum,

1973 3129 2152 3209 signa
2191 3146 2329 3191 esse
2370 3128 2603 3191 fienda.
2640 3127 2812 3190 Unde
2850 3127 3119 3189 habetur
3146 3129 3315 3209 apud
3344 3130 3468 3192 Isa-

1971 3228 2095 3290 iam
2133 3245 2146 3289 :
2182 3225 2341 3289 Ecce
2381 3226 2542 3287 Deus
2583 3234 2790 3289 vester
2828 3226 3062 3301 veniet,
3096 3234 3160 3288 et
3198 3226 3465 3290 salvabit
3538 3252 3605 3297 ιε.
3629 3265 3758 3306 mv,

1973 3345 2083 3389 vos
2125 3344 2138 3388 :
2186 3333 2338 3388 tunc
2380 3324 2748 3407 aperientur
2794 3324 2964 3387 oculi
3015 3343 3350 3400 caecorum,
3400 3334 3465 3389 et
3490 3317 3578 3359 ⁴¹⁸·

1970 3444 2157 3487 aures
2198 3425 2535 3487 surdorum
2575 3422 2915 3505 patebuut3
2949 3430 3104 3485 tunc
3142 3423 3327 3486 saliet
3356 3426 3467 3488 sic-

1975 3530 2042 3585 ut
2090 3540 2318 3586 cervus
2366 3522 2651 3595 clauduS,
2700 3527 2762 3582 et
2808 3529 3027 3604 aperta
3082 3522 3204 3583 erit
3250 3522 3467 3603 lingua

1971 3630 2317 3686 mutorum.
2364 3618 2587 3681 Nullus
2635 3619 2881 3701 quippe
2927 3626 3075 3681 ante
3122 3622 3468 3684 adventum

1971 3720 2204 3784 Christi
2234 3726 2404 3781 tanta
2434 3717 2587 3781 l'ecit
2615 3718 2922 3781 miracula
2960 3718 3126 3782 sieut
3154 3718 3462 3797 ChristuS,

1971 3826 2033 3881 et
2072 3836 2294 3883 omnes
2335 3816 2448 3900 qui
2491 3825 2633 3899 post
2667 3835 2814 3879 eum
2854 3817 3148 3881 fecerunt
3176 3836 3324 3882 vera
3354 3819 3469 3881 mi-

1971 3919 2205 3993 racula,
2251 3936 2375 3981 non
2420 3916 2545 3978 nisi
2593 3916 2659 3978 in
2711 3916 2969 3980 nomine
3011 3916 3151 3997 ejus
3196 3935 3271 3979 ea
3307 3910 3469 3980 fece-
3519 3957 3526 3966 -

1971 4025 2142 4080 runt.
2190 4017 2343 4090 Imo,
2391 4015 2505 4097 qui
2556 4015 2717 4077 scire
2766 4016 3083 4079 desiderat
3128 4035 3321 4097 quam
3370 4017 3469 4079 in-

1969 4115 2412 4189 numerabilia,
2450 4114 2748 4195 praeclara
2775 4121 2838 4177 et
2865 4114 3141 4195 gloriosa
3181 4116 3467 4196 prodigia

351 4213 478 4277 hoc
521 4219 619 4274 est
659 4228 772 4294 per
818 4209 1018 4273 fidem
1069 4219 1131 4273 et
1179 4212 1502 4274 caritatem
1551 4211 1862 4291 attingere
1891 4215 1940 4276 D
1969 4222 2266 4296 operatus
2298 4221 2395 4274 est
2423 4211 2726 4287 Christus,
2744 4214 3014 4277 aliorum
3042 4212 3240 4274 trium
3272 4211 3469 4277 Evan-

349 4330 528 4385 eum,
563 4310 754 4392 eique
798 4308 1045 4384 intime,
1089 4316 1402 4391 quantum
1442 4309 1588 4373 fieri
1629 4316 1856 4392 potest,

350 4409 552 4471 uniri.
588 4408 714 4471 Cur
752 4407 1094 4472 voluerunt
1140 4408 1619 4489 apprehendere
1667 4410 1860 4469 eum?

349 4507 590 4582 Primo,
624 4506 780 4588 quia
827 4514 956 4568 tam
1006 4507 1164 4569 dure
1212 4524 1286 4567 ac
1331 4506 1502 4587 juste
1551 4506 1866 4588 corripuit

349 4624 497 4687 eos;
531 4606 835 4680 secundo,
870 4605 1024 4686 quia
1051 4612 1179 4666 tam
1220 4622 1448 4687 magna
1483 4604 1756 4667 asseruit
1783 4604 1862 4665 de

353 4722 426 4768 se
471 4703 638 4785 ipso.

438 4804 528 4865 Et
562 4822 749 4863 nemo
779 4802 961 4865 misit
987 4803 1064 4862 in
1102 4802 1300 4863 illum
1341 4822 1576 4863 manus
1621 4802 1864 4866 violen-

355 4911 480 4975 taS,
513 4902 674 4981 quia
712 4902 1006 4962 nondum
1046 4908 1306 4987 venerat
1346 4900 1506 4959 Ιιονα
1546 4902 1710 4977 6]ἰιε,
1745 4901 1864 4965 hoc

355 5008 460 5063 est
487 5007 744 5082 tempus
775 5017 908 5061 suae
938 4997 1274 5079 passionis,
1300 4997 1366 5059 in
1406 5015 1536 5078 quo
1567 4999 1728 5061 mori
1761 5000 1868 5061 de-

357 5100 587 5171 crevit,
641 5117 770 5162 non
817 5104 1003 5159 antea
1049 5115 1168 5159 nec
1218 5103 1454 5179 postea.
1517 5096 1646 5159 Ηο6
1693 5100 1864 5179 quod

357 5199 654 5262 nondum
685 5197 861 5261 venit
891 5196 1046 5259 hora
1085 5194 1248 5275 ejus,
1278 5193 1405 5256 fuit
1442 5196 1695 5277 signum
1739 5216 1863 5261 non

355 5306 557 5361 causa
582 5295 878 5359 efficiens
908 5295 1082 5377 quod
1112 5313 1240 5358 non
1271 5294 1662 5377 capiebatur.
1698 5294 1865 5359 Divi-

615 5428 684 5483 T.
717 5428 799 5482 12.

1967 4312 2340 4393 gelistarum
2388 4310 2717 4391 evangelia
2762 4311 2942 4391 legat.
2996 4311 3257 4392 Verum,
3307 4329 3469 4392 quo-

1972 4411 2143 4472 niam
2183 4408 2346 4471 fides
2387 4409 2653 4472 istorum
2695 4428 2820 4472 non
2857 4409 2983 4471 fuit
3016 4410 3295 4471 multum
3327 4426 3469 4491 per-

1968 4508 2157 4583 fecta,
2192 4508 2430 4572 idcirco
2476 4509 2649 4589 quod
2690 4508 2887 4583 aiunt,
2931 4508 3218 4572 Christus
3261 4526 3468 4590 quum

1973 4608 2241 4682 venerit,
2285 4605 2600 4689 numquid
2646 4606 2830 4690 plura
2874 4607 3054 4688 signa
3095 4605 3333 4669 faciet?
3374 4606 3473 4669 in-

1973 4706 2173 4787 telligi
2233 4712 2439 4788 potest
2496 4722 2611 4787 per
2668 4706 2926 4768 modum
2984 4705 3322 4786 cujusdam
3373 4704 3471 4767 in·-

1973 4803 2361 4887 quisitionis.
2413 4803 2736 4876 Quantitas
2789 4804 2959 4865 enim
3010 4804 3469 4867 miraculorum

1973 4903 2335 4964 fiendorum
2374 4921 2411 4963 a
2450 4901 2697 4964 Christo
2734 4901 2799 4963 in
2832 4900 2971 4982 ejus
3000 4903 3302 4976 adventu,
3340 4920 3469 4964 non

1973 4999 2098 5061 l'uit
2143 5000 2211 5062 in
2260 4998 2604 5082 Scripturis
2654 4999 3068 5063 determinata
3116 5019 3129 5063 :
3178 5001 3323 5063 ideo
3368 5000 3471 5062 in-

1973 5098 2316 5181 quirebant
2362 5099 2527 5161 inter
2568 5116 2657 5172 se,
2698 5116 2863 5160 anne
2908 5098 3092 5181 plura
3134 5098 3313 5179 signa
3354 5098 3472 5161 fie—

1976 5204 2116 5260 rent
2174 5196 2239 5258 in
2299 5195 2527 5260 Christi
2584 5196 2883 5271 adventu,
2934 5215 3127 5278 quam
3174 5214 3325 5278 quae
3374 5197 3473 5259 vi-

1974 5297 2208 5359 derunt
2245 5313 2284 5356 a
2320 5294 2465 5357 Jesu
2510 5294 2802 5377 produci.

3142 5427 3207 5482 27
