4300 6259
1188 513 1543 562 mamumo
1592 515 1655 560 m
1698 515 1835 561 car.
1884 516 1902 561 1
1945 515 2224 563 JOANle.
2272 536 2352 545 —
2393 518 2535 562 ART.
2585 518 2642 562 νι
3354 498 3470 563 311

60 700 317 749 leonum.
351 682 490 745 haec
530 683 839 747 revelavit
878 685 956 746 de
988 688 1133 747 11162
1164 684 1319 747 Nam
1361 686 1507 767 quis
1548 686 1670 748 scit
1706 686 1863 767 quid
1891 684 1944 745 A
1978 688 2148 768 quod
2201 706 2323 750 non
2365 689 2664 751 convenit
2703 689 2824 752 nisi
2867 707 3016 752 vero
3053 687 3198 753 Deo.
3236 687 3308 750 Et
3351 688 3475 751 Isa-

348 789 578 863 agatur
622 782 687 844 in
742 782 1023 858 homine,
1078 783 1201 845 nisi
1262 784 1527 866 spiritus
1587 784 1750 865 ejuS,
1804 792 1866 847 61
1976 785 2123 848 ias:
2169 786 2530 861 Vocabitur,
2584 788 2815 870 inquit,
2869 805 3100 851 nomen
3152 786 3314 867 ejus,
3355 788 3474 850 Ad·
3535 801 3732 852 12.·x‚o.

350 880 539 955 Deus,
572 890 641 943 et
680 882 1078 944 illuminatus
1114 902 1151 944 a
1180 882 1350 945 Deo?
1380 885 1737 961 Respondit
1763 888 1866 945 Je-
1978 884 2778 961 mirabiliS,'Consiliarius,
2811 886 2998 961 DeuS,
3039 884 3263 959 Fortis,
3297 885 3474 948 Pater

347 1000 481 1050 susi,
515 989 577 1039 ec
614 981 793 1041 dimit
830 983 894 1040 ei
923 1002 945 1040 .·
974 983 1383 1061 Priusquam
1427 990 1483 1040 te
1512 984 1867 1060 Philippus
1976 981 2179 1044 futuri
2225 984 2463 1060 saeculi,
2495 985 2794 1066 Princeps
2838 984 3074 1066 pacis);
3106 983 3476 1047 describunt

350 1088 633 1151 vocaret,
669 1085 738 1140 ut
766 1079 1019 1141 venires
1058 1080 1137 1141 ad
1176 1098 1301 1152 me,
1336 1100 1539 1159 quum
1569 1100 1725 1140 esses
1752 1082 1869 1140 sub
1978 1099 2237 1163 quoque
2277 1083 2557 1164 primum
2591 1083 2820 1147 Christi
2861 1084 3207 1145 adventum
3245 1081 3310 1144 in
3341 1102 3476 1145 om-

350 1180 509 1253 ficu,
544 1175 660 1237 ubi
692 1184 753 1238 te
782 1176 1116 1259 Philippus
1151 1177 1398 1239 invenit
1424 1178 1866 1259 allocutusque
1981 1181 2236 1244 nimoda
2275 1188 2644 1264 paupertate
2669 1182 2947 1263 (dicente
2989 1181 3282 1244 Zacharia
3315 1200 3328 1245 :
3367 1181 3476 1243 Ec·
3501 1202 3764 1253 laeana.

354 1272 499 1348 fuit,
535 1276 807 1338 dicendo
848 1294 951 1337 me
990 1292 1129 1338 esse
1160 1274 1451 1338 Messiam
1488 1296 1525 1338 a
1558 1275 1763 1359 Moyse
1801 1283 1864 1337 et
1981 1298 2053 1342 ce
2098 1280 2226 1341 Rex
2276 1287 2422 1342 tuus
2473 1282 2683 1344 veniet
2730 1280 2846 1343 tibi
2895 1289 3288 1353 1666566165,
3337 1280 3475 1363 ipse

354 1372 691 1454 Prophetis
741 1374 1261 1456 praenuntiatum,
1296 1376 1464 1444 vidi,
1505 1375 1570 1437 id
1616 1382 1712 1437 est
1764 1394 1863 1438 66-
1984 1396 2262 1460 pauper3
2295 1388 2358 1441 et
2401 1379 2690 1453 16166116,
2733 1378 2933 1451 Quare
2980 1380 3163 1460 quasi
3213 1380 3473 1443 colonus
3504 1399 3766 1451 lev-anns.

353 1472 574 1551 gnovi,
620 1482 702 1542 te,
740 1480 800 1534 et
848 1480 1091 1535 secreta
1137 1473 1343 1535 cordis
1392 1472 1487 1535 tui
1541 1473 1857 1555 perspexi.
1984 1484 2292 1540 venturus
2341 1496 2408 1539 es
2456 1478 2521 1539 in
2572 1478 2808 1558 161161)
2850 1496 2864 1539 :
2909 1477 3059 1540 111116
3105 1477 3299 1558 131161
3347 1498 3472 1541 non

142 1569 211 1624 49
434 1573 796 1648 Respondit
831 1573 895 1631 ei
928 1573 1327 1642 Nathanaec,
1356 1582 1417 1633 et
1450 1574 1548 1633 ait
1578 1593 1601 1631 .·
1630 1574 1863 1641 Rabbi,
1984 1584 2080 1637 est
2128 1576 2481 1639 verisimile
2529 1578 2701 1658 quod
2751 1574 3094 1638 Nathanael
3142 1576 3478 1639 aestimavit

358 1678 429 1729 tu
466 1690 534 1729 es
563 1671 783 1729 Filius
813 1671 960 1737 Dei,
996 1678 1067 1730 tu
1106 1690 1171 1729 es
1196 1673 1342 1732 Rem
1370 1672 1601 1741 Israel,
1633 1670 1696 1732 id
1745 1679 1861 1745 est,
1982 1673 2269 1736 Messiam
2320 1694 2554 1756 purum
2603 1675 2950 1749 hominem,
2998 1682 3188 1755 atque
3235 1682 3481 1757 tempo-

354 1784 433 1829 ex
484 1766 627 1829 istis
668 1768 867 1848 signis
916 1786 1211 1849 agnosco,
1245 1769 1417 1849 quod
1458 1766 1869 1831 sis.Christus
1982 1773 2200 1835 raliter
2253 1780 2684 1854 regnaturum,
2729 1773 2894 1835 51661
2943 1792 3112 1835 nunc
3162 1774 3481 1836 somniant

356 1884 468 1928 rex
528 1865 892 1929 Israeliticae
950 1866 1181 1948 plebis.
1232 1866 1387 1929 Nam
1439 1868 1726 1930 cordium
1777 1886 1873 1929 se—
1908 1870 2381 1935 Bobtenebrati
2421 1872 2641 1935 Judaei.

354 1972 530 2027 creta
577 1973 643 2027 et
685 1965 1051 2028 absentium
1096 1965 1311 2039 verba,
1348 1966 1527 2029 nullo
1576 1974 1870 2028 narrante
2063 1970 2524 2050 Argumentum
2577 1978 2790 2032 autem
2841 1970 3040 2043 111165,
3094 1987 3224 2050 quo
3275 1970 3484 2051 arguit

354 2081 763 2143 cognoscere,
820 2080 928 2126 eos
986 2081 1247 2144 quoque
1304 2072 1367 2125 et
1424 2063 1591 2127 facta
1646 2083 1869 2128 eorum
1981 2070 2153 2150 quod
2212 2069 2265 2131 si
2313 2068 2653 2132 Nathanael
2713 2069 3087 2132 credidisset
3136 2086 3284 2130 eum
3341 2087 3481 2131 6556

355 2161 784 2243 spiritualiter
811 2180 1073 2225 cernere
1104 2169 1231 2223 tam
1266 2161 1568 2243 perfecte,
1592 2162 1701 2244 qui
1736 2182 1871 2226 cor·
1982 2168 2213 2230 Filium
2273 2168 2380 2229 Dei
2439 2168 2812 2243 naturalem,
2865 2186 2991 2231 non
3052 2166 3335 2241 dixisset,
3388 2167 3479 2229 Tu

357 2262 666 2344 poi-aliter
694 2282 821 2325 non
856 2262 1174 2336 videntur,
1210 2262 1335 2325 Deo
1374 2271 1470 2325 651
1511 2264 1865 2346 pro-prium.
1982 2286 2048 2329 es
2080 2267 2209 2329 Rex
2238 2266 2450 2342 Israel,
2485 2267 2616 2341 sed,
2645 2266 2859 2330 Totius
2893 2266 3139 2341 mundi,
3175 2284 3302 2329 non
3332 2276 3481 2329 con-

352 2360 601 2424 ldcirco
645 2359 953 2442 profiteor
991 2368 1053 2422 16
1100 2360 1334 2422 Filium
1377 2361 1509 2437 Dei,
1545 2368 1607 2423 et
1639 2362 1869 2442 Regem
1982 2366 2203 2439 vincit,
2239 2382 2356 2427 nec
2403 2364 2838 2446 apparentiam
2879 2364 3089 2439 habet,
3125 2364 3476 2445 praesertim

352 2460 571 2533 lsrael,
628 2460 692 2522 id
751 2468 848 2521 est
905 2459 1102 2521 Deum
1160 2466 1224 2522 et
1281 2460 1630 2522 hominem.
1674 2460 1872 2523 Scivit
1982 2483 2184 2545 quum
2228 2464 2292 2525 in
2343 2463 2499 2525 15616
2536 2464 2724 2525 etiam
2767 2462 2929 2524 Deus
2969 2463 3320 2525 secundum
3370 2482 3478 2525 na-

353 2576 641 2640 namque
677 2557 1047 2638 Nathanael,
1078 2559 1251 2639 quod
1284 2558 1571 2621 Christus
1613 2579 1739 2623 non
1780 2560 1873 2622 vi-
1981 2569 2190 2624 turam
2240 2560 2488 2623 deitatis
2538 2559 2908 2642 frequenter
2953 2560 3200 2623 dicatur
3237 2579 3347 2622 rex
3382 2562 3477 2623 Ja·
3520 2588 3766 2639 samm

352 2659 445 2721 dit
476 2676 631 2721 eum
661 2657 783 2720 sub
821 2656 955 2719 ficu
986 2657 1171 2720 oculo
1213 2658 1552 2739 corporali,
1587 2677 1705 2721 nec
1734 2677 1873 2722 ver-
1982 2661 2098 2724 cob
2150 2678 2263 2721 seu
2312 2659 2525 2721 Israel.
2576 2659 2751 2721 Unde
2811 2659 2874 2721 in
2921 2658 3078 2721 Isaia
3127 2659 3360 2722 6161161
3408 2660 3473 2722 in
3503 2653 3675 2701 ’‘W-⁶·

339 2740 435 2819 'ba
463 2756 608 2837 ejus
639 2764 833 2837 atque
861 2755 1143 2838 Philippi
1174 2756 1420 2819 audivit
1442 2757 1707 2819 auribus
1738 2777 1870 2821 661-
1983 2778 2253 2842 persona
2280 2758 2606 2820 Israelitici
2637 2758 2858 2839 populi
2893 2776 2906 2820 :
2941 2758 3242 2821 Dominus
3279 2758 3475 2839 judex
3503 2784 3770 2836 mamma,

352 2855 568 2939 poris;
602 2854 791 2918 scivit
820 2873 1095 2936 quoque,
1125 2856 1295 2937 quod
1329 2873 1517 2919 661116
1552 2856 1871 2919 nuntiavit
1982 2864 2216 2932 noster,
2264 2856 2568 2919 Dominus
2616 2854 2840 2936 legifer
2887 2863 3119 2932 noster,
3172 2855 3475 2920 Dominus
3505 2849 3572 2891 ²²·

350 2974 425 3017 ea
478 2954 730 3017 Christo
775 2972 789 3015 :
834 2953 1097 3027 1661166,
1146 2953 1381 3015 6661115
1433 2954 1646 3018 verbis
1697 2954 1872 3018 Chri-
1981 2976 2091 3019 rex
2150 2962 2386 3031 noster,
2440 2955 2578 3037 ipse
2627 2954 2837 3017 veniet
2894 2963 2956 3017 et
3012 2954 3280 3019 salvabit
3335 2973 3472 3019 665.

352 3054 459 3128 sti,
514 3052 849 3116 confessus
900 3059 994 3113 est
1047 3052 1219 3133 quod
1273 3058 1439 3114 65561
1486 3051 1685 3115 Filius
1734 3052 1865 3114 Dei.
1906 3056 1951 3121 C
1979 3055 2155 3128 Quod
2203 3055 2279 3116 ad
2338 3054 2615 3116 litteram
2674 3054 2915 3117 dictum
2963 3061 3058 3116 est
3105 3054 3182 3115 66
3233 3053 3478 3118 Christo

444 3151 715 3225 Quidam
766 3150 923 3212 dicit
971 3151 1142 3231 quod
1191 3150 1312 3212 iste
1359 3148 1725 3225 Nathanael‚
1778 3151 1872 3214 di-
1980 3153 2138 3217 Filio
2177 3152 2308 3214 Dei.
2342 3150 2640 3224 Quamvis
2679 3151 2852 3214 enim
2891 3152 2974 3213 sit
3009 3151 3298 3215 omnium
3340 3170 3473 3228 rex,

350 3250 559 3314 66666
612 3248 829 3311 Iesum
888 3266 1029 3311 6556
1088 3247 1319 3310 Filium
1369 3248 1499 3325 Dei,
1553 3249 1870 3313 intellexit
1983 3261 2191 3315 tamon
2242 3250 2605 3333 specialiter
2651 3250 3010 3332 appellatur
3057 3248 3187 3312 Rex
3234 3250 3472 3314 lsrael:

349 3350 475 3413 1166
516 3349 597 3411 66
637 3347 951 3410 filiatione
988 3347 1285 3430 adoptiva
1325 3366 1438 3429 per
1464 3348 1728 3428 gratiam
1761 3368 1869 3412 ex-
1978 3351 2209 3424 Primo,
2244 3349 2548 3431 quoniam
2598 3367 2675 3410 ex
2725 3348 2969 3411 semine
3018 3366 3239 3430 regum
3287 3349 3475 3413 lsrael

348 3449 715 3521 callentem,
737 3446 822 3508 ita
852 3446 1020 3527 quod
1054 3445 1449 3509 divinitatem
1477 3446 1707 3509 Christi
1741 3467 1865 3511 non
1980 3456 2188 3513 1161115.
2242 3448 2555 3520 Secundo,
2608 3447 2760 3529 quia
2808 3448 3047 3529 populo
3094 3446 3186 3509 illi
3238 3448 3479 3530 specia-

352 3547 613 3610 videtur
661 3543 1091 3624 intellexisse3
1132 3543 1309 3619 item,
1350 3545 1521 3625 quod
1572 3545 1862 3621 dicendo,
1980 3548 2125 3611 liter
2158 3546 2508 3629 promissus
2549 3564 2622 3607 66
2650 3545 2906 3621 missus,
2939 3546 3476 3628 quemadmodum

350 3645 445 3708 Tu
498 3662 568 3706 es
618 3642 749 3705 Rex
798 3642 1011 3720 lsrael,
1046 3642 1385 3705 aestimavit
1433 3661 1579 3705 eum
1626 3649 1867 3726 tempo-
1978 3648 2065 3710 ait
2100 3666 2113 3709 :
2146 3644 2283 3709 Non
2334 3663 2477 3706 sum
2517 3643 2754 3705 missus
2797 3642 2919 3705 nisi
2962 3644 3039 3706 ad
3077 3661 3226 3707 oves
3267 3644 3476 3726 perdi·
3517 3671 3766 3724 mum,

351 3744 575 3807 raliter
604 3748 1043 3823 regnaturum,
1080 3741 1247 3803 sicut
1279 3742 1705 3804 communiter
1732 3742 1869 3825 opi·
1977 3754 2072 3809 tas
2121 3746 2347 3808 domus
2397 3742 2607 3803 lsrael.
2641 3742 2785 3805 Ideo
2834 3742 2900 3803 in
2945 3740 3240 3804 Zacharia
3286 3742 3477 3805 habe-
3503 3736 3570 3779 ²⁴·

350 3848 593 3905 nantur
640 3840 858 3903 Judaei.
914 3838 1036 3901 Sed
1085 3839 1141 3901 si
1189 3838 1533 3901 Nathanael
1585 3848 1712 3901 tam
1772 3841 1869 3903 in-
1978 3852 2085 3907 tur
2135 3862 2148 3906 :
2201 3841 2458 3903 Exsulta
2507 3841 2679 3915 56115,
2730 3840 2869 3902 filia
2927 3838 3098 3914 Sion,
3151 3858 3299 3904 6666
3345 3840 3473 3905 Rex
3502 3868 3761 3921 Zama,

350 3939 837 4014 convenienter,
892 3938 1021 4001 imo
1078 3944 1144 3999 et.
1202 3936 1383 4017 false,
1431 3938 1734 4001 sensisset
1790 3941 1867 4001 de
1982 3951 2152 4005 tuus.
2205 3940 2340 4003 Non
2397 3939 2506 4013 ait,
2566 3937 2695 4001 Rex
2754 3938 2947 4001 totius
3009 3939 3279 4020 mundi3
3339 3942 3470 4017 sed,

354 4039 633 4113 Christe,
694 4056 1103 4119 nequaquam
1161 4036 1501 4099 meruisset
1557 4037 1777 4099 audire
1832 4057 1871 4099 a
1982 4040 2109 4103 Rex
2144 4047 2314 4101 1665.
2349 4036 2424 4099 Ε1
2451 4036 2608 4119 quid
2642 4044 2760 4118 est,
2790 4034 2920 4098 Rex
2955 4044 3129 4113 1665,
3164 4038 3312 4115 nisi,
3346 4039 3475 4101 Rex

356 4137 613 4202 Christo
646 4156 661 4200 ε
696 4134 859 4198 Ε666
898 4152 1047 4197 vere
1093 4134 1376 4196 Israelita
1415 4135 1481 4196 in
1519 4153 1648 4216 quo
1686 4135 1869 4199 dolus
1978 4138 2220 4201 1516611
2337 4146 2344 4157 ’

358 4257 489 4301 1166
522 4238 641 4298 651.
677 4232 855 4296 Tunc
893 4234 1065 4295 enim
1108 4231 1334 4295 fuisset
1371 4234 1641 4296 carnalis
1680 4234 1873 4297 15166-
1900 4234 1949 4295 D
2060 4238 2416 4313 Respondit
2441 4239 2646 4306 Iesus,
2677 4245 2736 4295 et
2764 4236 2944 4297 dimit
2970 4236 3033 4295 ei
3061 4257 3086 4296 .·
3117 4238 3286 4306 Quia
3324 4239 3476 4299 dimi
3608 4246 3682 4302 50

358 4338 498 4409 lita,
532 4334 823 4415 aliosque
871 4331 1220 4414 6661111665,
1256 4332 1539 4395 6666666
1582 4334 1660 4395 66
1698 4332 1872 4396 Chri·
1984 4338 2129 4405 tibi,
2178 4334 2328 4396 Vidi
2367 4344 2424 4393 te
2460 4335 2576 4393 sub
2603 4338 2736 4411 ficu
2765 4354 2788 4393 .·
2820 4334 3173 4396 5666666111
3216 4353 3472 4398 56656111

359 4442 465 4497 516
493 4432 717 4495 futuro
758 4432 932 4512 quod
972 4438 1139 4492 esset
1178 4450 1378 4512 purus
1419 4431 1630 4506 homo,
1665 4438 1727 4493 et
1760 4450 1870 4493 rex
1981 4435 2111 4516 Jam
2162 4432 2606 4515 explanatum3
2652 4433 2859 4492 credis
2908 4450 3010 4494 me
3059 4432 3289 4495 Filium
3339 4434 3470 4511 Dei,

358 4530 806 4614 temporaliter
853 4538 1251 4610 regnaturus.
1298 4528 1441 4591 Fuit
1492 4529 1664 4592 enim
1714 4530 1869 4611 16315
1984 4541 2046 4596 61
2086 4550 2298 4613 regem
2337 4531 2547 4593 lsrael.
2582 4532 2803 4608 Majus
2831 4533 2957 4599 his,
2991 4531 3054 4593 id
3091 4539 3188 4594 est
3221 4532 3472 4613 signum

360 4634 609 4695 doctor.
643 4628 953 4709 Denique,
988 4647 1189 4709 quum
1228 4626 1426 4689 fuerit
1457 4627 1673 4691 valens
1713 4629 1869 4710 legis
1982 4631 2341 4696 evidentius
2380 4647 2538 4692 meae
2583 4628 2952 4704 divinitatis,
2987 4631 3252 4699 videbis,
3282 4650 3473 4713 quam

358 4732 587 4793 doctor
634 4735 829 4809 atque
876 4726 1172 4801 eximiuS,
1216 4727 1567 4789 secundum
1616 4726 1868 4805 Bedam,
1984 4731 2113 4794 sint
2162 4730 2286 4793 duo
2332 4728 2511 4808 signa
2561 4727 2882 4809 praedicta,
2935 4727 3252 4804 videlicet,
3304 4732 3475 4811 quod

358 4827 773 4893 scrutabatur
812 4825 1171 4908 Scripturas
1220 4826 1299 4887 de
1343 4825 1610 4890 Christo.
1645 4826 1875 4900 Quoni-
1984 4838 2046 4892 te
2096 4826 2315 4891 vocavi
2357 4842 2506 4888 vere
2550 4825 2896 4887 Israelitam
2941 4826 3086 4890 dolo
3134 4833 3472 4904 carentem,

356 4948 469 4992 6111
529 4944 681 5007 6136
731 4924 1057 5007 Prophetas
1113 4924 1449 4987 manifeste
1506 4925 1875 4989 describunt
1983 4936 2048 4991 et
2085 4927 2257 5009 quod
2299 4925 2428 4987 dixi
2471 4942 2574 4986 me
2613 4931 2675 4985 te
2705 4923 3094 5017 vidisse-sub
3133 4924 3288 4987 ficu.
3321 4925 3477 4989 Nam

360 5025 605 5092 Christi
636 5023 1036 5086 divinitatem
1065 5024 1165 5103 (ut
1193 5042 1395 5104 quum
1427 5023 1513 5086 ait
1540 5024 1871 5091 Jeremias:
1986 5025 2214 5089 ceteris
2244 5022 2572 5105 Prophetis
2603 5039 2770 5103 saepe
2800 5039 3169 5086 concessum
3203 5031 3319 5099 est,
3353 5024 3478 5089 Deo

90 5146 333 5199 samm,
360 5124 500 5189 Hoc
548 5130 647 5186 est
694 5140 927 5184 nomen
977 5123 1148 5203 quod
1194 5123 1511 5186 vocabunt
1560 5142 1729 5197 eum,
1762 5124 1880 5187 Do·
1986 5124 2366 5197 illustrante,
2391 5120 2560 5203 quod
2593 5118 2958 5182 interiorem
2989 5120 3324 5184 hominum
3353 5124 3480 5187 615-

82 5202 142 5243 ¹⁶‘
362 5224 590 5288 minus
648 5221 860 5302 justus
921 5227 1155 5284 noster.
1216 5220 1283 5283 In
1344 5220 1604 5285 Hebraeo
1665 5229 1877 5284 autem
1990 5222 2394 5306 positionem,
2428 5227 2734 5299 actusque
2769 5218 3126 5293 6616116165,
3162 5222 3482 5286 661111661-

368 5322 651 5387 habetur
701 5337 935 5383 nomen
993 5318 1241 5383 Domini
1302 5326 1876 5401 tetragrammaton,
1992 5321 2223 5385 naliter
2253 5323 2705 5401 cognoverunt.
2735 5316 3041 5398 Discipuli
3079 5326 3290 5383 autem
3323 5331 3482 5405 post-
