4300 6259
872 473 995 540 356

1680 492 2031 540 malumno
2071 491 2136 538 m
2177 491 2316 538 CAP.
2361 489 2425 536 lv
2464 491 2741 539 scamus.
2787 511 2868 524 -·
2909 493 3050 540 An‘r.
3096 495 3162 540 xt

870 662 1177 744 originale
1226 672 1577 746 peccatum,
1628 683 1667 726 a
1713 681 1841 746 quo
1889 663 2147 726 liberari
2200 662 2365 725 indi·
2392 660 2445 723 A
2467 664 2638 744 quod
2699 683 3025 748 compares
3089 665 3188 727 sui
3244 665 3338 728 eis
3401 663 3840 747 praeferantur,
3899 670 3963 724 et

869 762 1056 842 gebat
1098 780 1213 845 per
1254 763 1595 826 Christum.
1691 773 1705 780 ·

663 865 735 922 43
957 864 1111 924 Post
1154 866 1317 924 duos
1371 873 1588 924 autem
1642 865 1781 923 dies
1836 862 2074 944 quibus
2130 862 2367 924 mansit

869 979 1013 1022 cum
1062 959 1469 1024 Samaritanis
1518 961 1583 1023 in
1634 961 1888 1025 civitate
1925 960 2166 1034 Sichar,
2198 963 2366 1022 eoeiit

866 1061 1044 1127 inde,
1075 1059 1230 1141 quia
1272 1059 1405 1140 jam
1452 1060 1727 1124 roborati
1777 1068 1957 1122 erant
2006 1061 2070 1122 in
2116 1059 2270 1135 fide,
2305 1071 2364 1121 et

866 1159 1031 1217 abiit
1065 1159 1135 1218 in
1192 1160 1558 1220 Galilaeam.
1592 1156 1807 1241 Aliqui
1851 1167 2062 1220 tamen
2116 1159 2357 1233 dicunt,

868 1256 1038 1337 quod
1079 1255 1337 1320 divertit
1372 1276 1409 1319 a
1434 1256 1737 1319 Nazareth
1776 1257 1842 1319 in
1882 1276 2011 1340 qua
2048 1265 2181 1320 erat
2219 1276 2363 1321 con-

570 1371 845 1428 ιωηηιο.
870 1362 1113 1435 θθρῖιιε,
1148 1356 1425 1418 nutritus
1466 1374 1541 1419 ac
1586 1357 1969 1419 demoratus.
2010 1356 2362 1419 Voluerunt

868 1452 1041 1514 enim
1097 1472 1245 1517 eum
1303 1455 1597 1519 concives
1655 1455 1754 1517 sui
1814 1455 2233 1538 praecipitare,
2292 1462 2364 1516 ut

661 1553 734 1611 u
868 1552 1024 1615 dicit
1049 1552 1267 1616 Lucas.
1300 1553 1477 1616 Unde
1520 1552 1931 1634 subjungitur
1966 1572 1979 1616 :
2014 1558 2158 1631 Ipse
2183 1555 2360 1614 enim

864 1653 1046 1712 Jesus
1095 1653 1535 1714 testimonium
1582 1653 1942 1730 perhibuit,
1992 1653 2152 1732 quia
2198 1654 2362 1714 Pro-

858 1752 1055 1827 pheta
1094 1753 1168 1811 in
1204 1771 1323 1812 sua
1355 1753 1581 1828 patria
1624 1752 1929 1812 honorem
1959 1771 2088 1812 non
2119 1753 2306 1812 habet
2336 1771 2358 1810 .-

2469 762 2839 845 concipiunt
2866 764 3303 827 excellentiam
3337 764 3590 827 illorum
3631 763 3813 845 quasi
3844 761 3962 823 mi-

2469 861 2819 924 norativam
2889 863 3164 945 propriae
3231 862 3573 944 dignitatiS,
3638 861 3723 923 ita
3786 861 3958 942 quod

2471 961 2940 1043 comparatione
2979 961 3236 1025 illorum
3275 962 3532 1026 viliores
3573 960 3868 1024 videntur
3893 966 3960 1019 et

2471 1058 2686 1121 minus
2735 1067 3112 1142 reputantur
3153 1079 3167 1124 :
3213 1061 3292 1124 de
3337 1079 3467 1142 quo
3513 1059 3749 1136 dolent,
3781 1057 3956 1120 etad

2468 1157 2928 1221 detrahendum
2984 1167 3096 1222 aut
3153 1159 3666 1242 persequendum
3735 1174 3959 1239 provo—

2469 1263 2712 1318 cantur.
2765 1257 3206 1340 Compatriotae
3251 1275 3512 1340 quoque
3561 1255 3788 1318 melius
3836 1255 3958 1317 sci-

2467 1362 2585 1416 unt
2633 1363 2918 1418 mutuam
2978 1355 3526 1439 imperfectionem
3579 1374 3774 1437 quam
3820 1353 3952 1427 alii,

2469 1461 2532 1515 et
2572 1453 2848 1516 ubertim
2888 1462 3267 1518 convertunt
3305 1455 3566 1518 oculum
3607 1453 3836 1516 mentis
3874 1453 3954 1515 ad

2467 1553 2995 1615 considerandum
3051 1553 3208 1617 alios
3265 1554 3616 1615 secundum
3672 1551 3735 1614 id
3781 1551 3952 1633 quod

2467 1658 2649 1713 erant
2701 1660 2988 1734 tempore
3042 1652 3350 1735 pueritiae,
3404 1652 3506 1714 vel
3562 1651 3818 1732 quando
3863 1649 3954 1712 eis

2469 1767 2595 1812 non
2645 1750 3060 1813 excellebant.
3115 1750 3236 1812 Sed
3287 1768 3434 1814 vera
3481 1749 3707 1812 caritas
3760 1747 3957 1829 exigit

862 1848 1046 1928 quasi
1107 1849 1273 1910 dicat
1327 1849 1747 1931 Evangelista,
1806 1850 1951 1912 Ideo
2006 1848 2267 1912 recessit
2323 1866 2360 1911 a
2393 1842 2441 1905 B
2471 1854 2540 1909 ut
2587 1849 2665 1910 de
2714 1848 3101 1931 perfectione
3159 1857 3222 1910 et
3264 1848 3466 1929 gratia
3523 1847 3958 1930 compatriota-

860 1944 1183 2020 Nazareth,
1218 1947 1371 2028 quia
1416 1954 1794 2029 spreverunt
1840 1965 1991 2009 eum
2034 1945 2361 2010 contribu-

860 2043 952 2106 les
992 2044 1217 2127 ipsius.
1250 2045 1373 2107 Alii
1410 2064 1559 2110 vero
1598 2044 1926 2107 affirmant
1963 2045 2352 2127 oppositum,

860 2149 924 2204 et
960 2143 1131 2224 quod
1169 2143 1277 2219 ait,
1318 2143 1453 2207 Non
1497 2151 1591 2206 θεῖ
1631 2143 1940 2226 Propheta
1980 2143 2120 2205 sine
2159 2143 2357 2206 hono-

860 2258 950 2315 re,
972 2241 1257 2305 rel'erunt
1283 2243 1361 2304 ad
1388 2249 1643 2325 tempus
1675 2242 2084 2324 praeteritum,
2101 2239 2356 2323 quando

860 2337 1241 2403 habitatores
1269 2340 1571 2403 Nazareth
1610 2348 1981 2423 spreverant
2010 2359 2178 2416 eum,
2202 2359 2355 2422 quo-

861 2437 1031 2499 niam
1079 2440 1361 2502 nondum
1417 2439 1707 2502 viderant
1765 2439 1943 2520 signa
1992 2438 2155 2520 ejuS‚
2209 2457 2354 2520 quae

861 2538 1265 2618 postmodum
1326 2537 1392 2600 in
1445 2537 1791 2600 Jerusalem
1858 2545 2346 2619 conspexerunt,

858 2633 1023 2696 sicut
1066 2635 1327 2716 patebit.

940 2730 1147 2808 Porro,
1210 2733 1380 2814 quod
1438 2733 1613 2807 dicit,
1673 2732 1807 2796 Non
1866 2740 1961 2794 est
2014 2731 2345 2815 Propheta,
2392 2746 2401 2755 “

2469 1966 2634 2021 rum,
2669 1948 3158 2011 domesticorum
3207 1953 3270 2009 et
3317 1947 3697 2020 vicinorum,
3729 1945 3958 2027 ampli-

2469 2063 2542 2106 us
2587 2047 2993 2126 gaudeamuS,
3029 2064 3286 2128 eosque,
3319 2046 3448 2109 imo
3484 2045 3682 2108 Deum
3727 2045 3792 2106 in
3835 2044 3950 2118 θίε,

2467 2151 2618 2225 puta
2660 2143 2726 2205 in
2771 2144 2952 2208 donis
2997 2144 3152 2220 suis,
3187 2162 3589 2208 veneremur.

2548 2244 2760 2310 Quum
2791 2262 2937 2321 erqo
2967 2245 3236 2304 venisset
3278 2243 3456 2305 Jesus
3494 2245 3567 2303 in
3611 2243 3954 2303 Galiloeam

2467 2339 2734 2420 patriam
2793 2360 2994 2415 suam,
3045 2351 3427 2419 eoeceperunt
3482 2361 3630 2402 eum
3693 2341 3954 2401 Galiloei

2464 2454 2609 2498 cum
2649 2437 2910 2501 honore.
2945 2438 3140 2519 Cujus
3181 2439 3338 2502 ratio
3372 2439 3666 2501 subditur
3699 2457 3714 2500 ε
3747 2457 3952 2518 quum

2461 2537 2681 2597 omnia
2723 2539 3034 2599 vidissent
3079 2559 3224 2616 quoe
3262 2539 3502 2616 fecerat
3540 2537 3954 2613 Jerosolymis

2461 2634 2538 2694 in
2589 2637 2699 2695 die
2753 2639 2935 2716 festo,
2997 2635 3292 2698 videlicet
3347 2635 3548 2697 multa
3603 2642 3666 2696 et
3725 2651 3952 2714 magna

2463 2732 2770 2795 miracula
2806 2753 2950 2815 quae
2996 2732 3148 2796 fecit
3194 2735 3260 2796 in
3298 2733 3642 2796 Jerusalem
3682 2733 3746 2794 in
3787 2731 3950 2795 festo

2461 2831 2764 2911 paschali,
2819 2839 2889 2893 ut
2943 2832 3184 2895 dictum
3241 2841 3336 2895 est
3384 2832 3448 2894 in
3495 2832 3753 2896 Joanne.
3804 2830 3952 2894 Pro-
4011 2853 4202 2898 που,

854 2837 1005 2906 θῖθ.,
1052 2831 1291 2894 Marcus
1352 2832 1604 2914 plenius
1653 2832 1874 2894 recitat
1922 2832 2042 2896 hoc
2088 2833 2277 2897 modo
2329 2852 2342 2896 :

2461 2936 2602 3010 pter
2649 2948 2794 3010 quae
2839 2929 3108 2992 credidit
3152 2929 3551 3006 Nicodemus,
3605 2939 3668 2993 et
3715 2929 3876 2993 dixit
3927 2917 4044 2992 :²³-

564 2945 838 2996 Mar-mna
858 2927 993 2991 Non
1054 2936 1150 2991 est
1205 2928 1515 3011 Propheta
1574 2930 1712 2991 sine
1775 2931 2034 3005 honore,
2096 2927 2221 2992 nisi
2281 2931 2346 2992 in

860 3027 1047 3091 domo
1084 3047 1217 3102 sua,
1250 3036 1315 3090 θῖ
1351 3028 1416 3090 in
1457 3028 1829 3109 cognatione
1866 3047 2000 3102 sua,
2035 3037 2097 3091 et
2135 3029 2203 3091 in
2243 3049 2352 3111 pa·
2384 3030 2428 3093 C
2456 3025 2652 3089 Nemo
2691 3035 2895 3109 potest
2937 3027 3071 3090 haec
3109 3029 3289 3109 signa
3325 3029 3532 3092 facere
3568 3047 3714 3110 quae
3749 3036 3819 3090 tu
3857 3026 3952 3090 fa—
3975 3050 4199 3101 mmm

854 3125 977 3187 tria
1015 3144 1149 3188 sua.
1180 3125 1353 3199 Quod
1398 3146 1524 3190 non
1569 3133 1663 3188 θεῖ
1704 3127 2188 3208 intelligendum
2232 3147 2347 3210 pro
2457 3124 2570 3200 cis,
2623 3125 2745 3187 nisi
2805 3125 3000 3188 fuerit
3056 3125 3218 3188 Deus
3277 3146 3424 3188 cum
3477 3145 3571 3191 co.
3623 3125 3948 3199 Quomodo

852 3223 1027 3287 omni
1089 3231 1375 3307 tempore
1438 3232 1500 3286 et
1555 3225 1823 3306 singulis
1884 3226 2338 3308 compatriotis.
2453 3231 2664 3286 autem
2716 3222 2952 3286 Galiloei
3000 3224 3299 3288 viderunt
3357 3225 3490 3288 haec
3547 3225 3747 3306 signa,
3801 3224 3949 3287 sub-

848 3321 1171 3385 Interdum
1225 3323 1398 3385 enim
1445 3322 1755 3406 Propheta
1811 3343 1927 3386 seu
1979 3324 2142 3387 alius
2200 3325 2379 3406 qui-.
2451 3322 2788 3403 jungitur:
2833 3325 2918 3384 E'c
2957 3324 3087 3400 ipsi
3135 3326 3307 3384 enim
3356 3323 3593 3388 Galilaei
3635 3332 3946 3385 venerant

852 3439 1129 3502 cumque
1158 3421 1549 3495 excellen3‚a
1578 3422 1710 3484 suis
1743 3423 2174 3505 compatriotis
2205 3441 2345 3486 con·
2385 3431 2389 3434 “
2452 3423 2541 3482 ad
2594 3423 2768 3481 diem
2822 3421 3058 3498 festum
3117 3421 3388 3496 Paschae,
3450 3423 3707 3503 quando
3763 3422 3944 3485 Jesus

851 3519 1179 3594 temnitur,
1245 3528 1307 3582 et
1372 3519 1694 3584 interdum
1760 3520 1839 3582 ab
1912 3520 2003 3583 eis
2079 3521 2345 3584 honora·
2451 3527 2747 3602 operatus
2797 3525 2890 3580 θεῖ
2937 3518 3068 3581 illa.
3113 3519 3513 3583 Tenebantur
3558 3520 3732 3583 enim
3784 3539 3946 3602 prae-

852 3625 958 3679 tur
989 3637 1003 3681 :
1038 3625 1107 3680 ut
1140 3627 1311 3700 patet
1347 3619 1425 3681 de
1456 3619 1631 3692 Isaia,
1666 3626 1862 3700 quem
1889 3618 2344 3701 Jerosolymitae
2451 3617 2640 3699 cipue
2686 3617 2750 3678 in
2801 3616 3176 3680 solennitate
3225 3617 3504 3699 paschali
3553 3617 3940 3682 oblationem

561 3727 821 3784 lvfleomx,
852 3723 1137 3799 tempore
1186 3717 1468 3781 Ezechiae
1514 3718 2007 3792 honoraverunt,
2055 3725 2343 3800 tempore
2451 3714 2658 3778 facere
2701 3715 2766 3777 in
2810 3714 3048 3796 templo
3087 3715 3458 3778 Jerusalem.

560 3795 829 3908 xliiii-
855 3833 1004 3879 vero
1049 3815 1343 3878 Manassae
1400 3825 1779 3898 spreverunt
1833 3823 1899 3878 θῖ
1948 3815 2339 3879 occiderunt.
2539 3816 2716 3875 Venit
2755 3832 2902 3890 erqo
2944 3812 3123 3876 Jesus
3169 3816 3408 3876 iterum
3457 3816 3528 3876 in
3574 3817 3753 3877 Cana
3790 3814 3942 3878 villa
4068 3825 4130 3880 46

562 3919 702 4024 ’ξω
736 3994 807 4024 m
852 3911 973 3976 Sed
1029 3913 1149 3976 hoc
1206 3913 1649 3977 universaliter
1706 3932 1926 3976 verum
1990 3921 2108 3988 est,
2170 3915 2342 3995 quod
2455 3913 2742 3973 Galilaeoe
2792 3910 3156 3993 provincias,
3200 3914 3314 3973 ubi
3357 3913 3514 3990 fecit
3559 3933 3804 3992 aquam
3851 3916 3942 3974 vi-

560 4044 627 4086 m,
704 4012 714 4023 '
811 4011 1245 4075 'conterranei
1302 4019 1493 4093 atque
1559 4012 1851 4075 concives
1919 4012 2344 4074 communiter
2450 4030 2639 4079 num,
2668 4017 2738 4070 ut
2774 4009 3014 4072 dictum
3054 4017 3151 4072 est
3185 4011 3464 4073 secundo
3502 4010 3802 4092 capitulo.
3835 4009 3943 4073 Se-

853 4109 1179 4190 proniores
1213 4112 1468 4173 suntad
1506 4111 2041 4174 contemnendum
2073 4110 2345 4192 Prophe-
2453 4106 2734 4170 cundum
2787 4107 3215 4189 Augustinum
3271 4115 3335 4170 θῖ
3389 4107 3639 4184 Bedam,
3699 4108 3937 4172 Galilaei

851 4214 979 4268 tam
1026 4224 1139 4269 seu
1185 4206 1381 4269 alium
1430 4209 1815 4270 eminentem
1868 4209 2033 4271 inter
2082 4226 2189 4270 eos
2236 4226 2342 4270 na·
2373 4208 2422 4269 D
2451 4213 2835 4288 acceperunt
2888 4206 3101 4268 Jesum
3160 4224 3306 4268 cum
3369 4206 3606 4270 honore
3660 4209 3936 4288 quodam

847 4312 987 4367 tum
1018 4312 1080 4367 θῖ
1109 4315 1570 4382 conversatum,
1604 4326 1795 4388 quam
1828 4306 2131 4368 extranei.
2166 4304 2342 4378 Quod
2448 4303 2865 4386 superficiali,
2917 4323 3042 4368 non
3101 4321 3178 4366 ex
3236 4304 3572 4368 dilectione
3622 4306 3721 4368 vel
3779 4305 3932 4380 fide,

850 4410 1092 4465 certum
1150 4412 1245 4466 est
1300 4405 1453 4467 oriri
1510 4423 1586 4466 ex
1646 4404 1945 4487 superbia
2000 4412 2193 4486 atque
2247 4403 2342 4466 in·
2449 4404 2560 4465 sed
2617 4403 2999 4477 curiositate,
3051 4410 3310 4484 propter
3361 4402 3539 4483 signa
3597 4404 3932 4486 praedicta3

848 4501 1019 4566 vidia
1073 4519 1087 4564 ε
1149 4503 1454 4584 quoniam
1518 4504 1809 4567 homines
1873 4503 2038 4568 male
2094 4502 2335 4578 ferunt,
2445 4500 2554 4563 alii
2597 4509 2808 4564 tamen
2850 4500 3034 4563 aliter
3073 4500 3381 4564 sentiunt.
