<?xml version="1.0" encoding="UTF-8"?>
<!DOCTYPE html PUBLIC "-//W3C//DTD XHTML 1.0 Transitional//EN"
    "http://www.w3.org/TR/xhtml1/DTD/xhtml1-transitional.dtd">
<html xmlns="http://www.w3.org/1999/xhtml" xml:lang="en" lang="en">
 <head>
  <title>
</title>
<meta http-equiv="Content-Type" content="text/html;charset=utf-8" />
  <meta name='ocr-system' content='tesseract 3.04.00' />
  <meta name='ocr-capabilities' content='ocr_page ocr_carea ocr_par ocr_line ocrx_word'/>
</head>
<body>
  <div class='ocr_page' id='page_1' title='image "./doctorisecstati09unkngoog_0188.png"; bbox 0 0 4300 6259; ppageno 0'>
   <div class='ocr_carea' id='block_1_1' title="bbox 852 479 971 546">
    <p class='ocr_par' dir='ltr' id='par_1_1' title="bbox 852 479 971 546">
     <span class='ocr_line' id='line_1_1' title="bbox 852 479 971 546; baseline 0.025 -3"><span class='ocrx_word' id='word_1_1' title='bbox 852 479 971 546; x_wconf 79' lang='lat'><strong>136</strong></span> 
     </span>
    </p>
   </div>
   <div class='ocr_carea' id='block_1_2' title="bbox 1666 496 3145 547">
    <p class='ocr_par' dir='ltr' id='par_1_2' title="bbox 1666 496 3145 547">
     <span class='ocr_line' id='line_1_2' title="bbox 1666 496 3145 547; baseline 0.002 -3"><span class='ocrx_word' id='word_1_2' title='bbox 1666 497 2020 544; x_wconf 57' lang='lat' dir='ltr'><strong>imitanum</strong></span> <span class='ocrx_word' id='word_1_3' title='bbox 2062 497 2123 543; x_wconf 78' lang='lat' dir='ltr'><strong>m</strong></span> <span class='ocrx_word' id='word_1_4' title='bbox 2167 496 2306 544; x_wconf 70' lang='lat' dir='ltr'><strong>cu’.</strong></span> <span class='ocrx_word' id='word_1_5' title='bbox 2354 497 2482 544; x_wconf 83' lang='lat' dir='ltr'><strong>xvn</strong></span> <span class='ocrx_word' id='word_1_6' title='bbox 2523 497 2712 546; x_wconf 79' lang='lat' dir='ltr'><strong>LUCAE.</strong></span> <span class='ocrx_word' id='word_1_7' title='bbox 2757 517 2838 530; x_wconf 88' lang='lat'><strong>—</strong></span> <span class='ocrx_word' id='word_1_8' title='bbox 2879 500 3022 547; x_wconf 72' lang='grc' dir='ltr'><strong>ΛΒΤ.</strong></span> <span class='ocrx_word' id='word_1_9' title='bbox 3068 501 3145 547; x_wconf 77' lang='lat' dir='ltr'><strong>XL</strong></span> 
     </span>
    </p>
   </div>
   <div class='ocr_carea' id='block_1_3' title="bbox 852 668 3954 754">
    <p class='ocr_par' dir='ltr' id='par_1_3' title="bbox 852 668 3954 754">
     <span class='ocr_line' id='line_1_3' title="bbox 852 668 3954 754; baseline 0.001 -21"><span class='ocrx_word' id='word_1_10' title='bbox 852 687 1001 734; x_wconf 89' lang='lat' dir='ltr'><strong>vere</strong></span> <span class='ocrx_word' id='word_1_11' title='bbox 1051 687 1167 752; x_wconf 91' lang='lat' dir='ltr'><strong>per</strong></span> <span class='ocrx_word' id='word_1_12' title='bbox 1212 669 1408 732; x_wconf 82' lang='lat' dir='ltr'><strong>fidem</strong></span> <span class='ocrx_word' id='word_1_13' title='bbox 1458 669 1833 733; x_wconf 82' lang='lat' dir='ltr'><strong>catholicam</strong></span> <span class='ocrx_word' id='word_1_14' title='bbox 1881 668 2007 734; x_wconf 87' lang='lat' dir='ltr'><strong>Deo</strong></span> <span class='ocrx_word' id='word_1_15' title='bbox 2064 670 2347 752; x_wconf 89' lang='lat' dir='ltr'><strong>compla-</strong></span> <span class='ocrx_word' id='word_1_16' title='bbox 2378 669 2431 731; x_wconf 89' lang='lat' dir='ltr'>A</span> <span class='ocrx_word' id='word_1_17' title='bbox 2540 670 2863 748; x_wconf 83' lang='lat' dir='ltr'><strong>Praeterea,</strong></span> <span class='ocrx_word' id='word_1_18' title='bbox 2899 673 3053 754; x_wconf 92' lang='lat' dir='ltr'><strong>quia</strong></span> <span class='ocrx_word' id='word_1_19' title='bbox 3098 672 3381 738; x_wconf 81' lang='lat' dir='ltr'><strong>Salvator</strong></span> <span class='ocrx_word' id='word_1_20' title='bbox 3419 675 3552 737; x_wconf 91' lang='lat' dir='ltr'><strong>suis</strong></span> <span class='ocrx_word' id='word_1_21' title='bbox 3589 674 3804 737; x_wconf 89' lang='lat' dir='ltr'><strong>electis</strong></span> <span class='ocrx_word' id='word_1_22' title='bbox 3839 693 3954 736; x_wconf 88' lang='lat' dir='ltr'><strong>ex-</strong></span> 
     </span>
    </p>
   </div>
   <div class='ocr_carea' id='block_1_4' title="bbox 845 767 2351 1834">
    <p class='ocr_par' dir='ltr' id='par_1_4' title="bbox 845 767 2351 1834">
     <span class='ocr_line' id='line_1_4' title="bbox 851 767 2351 832; baseline -0.001 -1"><span class='ocrx_word' id='word_1_23' title='bbox 851 777 1065 831; x_wconf 88' lang='lat' dir='ltr'><strong>ceatur</strong></span> <span class='ocrx_word' id='word_1_24' title='bbox 1110 777 1171 830; x_wconf 92' lang='lat' dir='ltr'><strong>et</strong></span> <span class='ocrx_word' id='word_1_25' title='bbox 1220 769 1523 832; x_wconf 89' lang='lat' dir='ltr'><strong>uniatur:</strong></span> <span class='ocrx_word' id='word_1_26' title='bbox 1558 776 1620 831; x_wconf 85' lang='lat' dir='ltr'><strong>et</strong></span> <span class='ocrx_word' id='word_1_27' title='bbox 1667 769 1755 830; x_wconf 85' lang='lat' dir='ltr'><strong>ita</strong></span> <span class='ocrx_word' id='word_1_28' title='bbox 1798 767 2033 832; x_wconf 85' lang='lat' dir='ltr'><strong>futurae</strong></span> <span class='ocrx_word' id='word_1_29' title='bbox 2078 768 2351 831; x_wconf 89' lang='lat' dir='ltr'><strong>beatitu-</strong></span> 
     </span>
     <span class='ocr_line' id='line_1_5' title="bbox 850 867 2349 950; baseline -0.001 -20"><span class='ocrx_word' id='word_1_30' title='bbox 850 867 1020 930; x_wconf 87' lang='lat' dir='ltr'>dinis</span> <span class='ocrx_word' id='word_1_31' title='bbox 1068 885 1358 950; x_wconf 90' lang='lat' dir='ltr'><strong>saporem</strong></span> <span class='ocrx_word' id='word_1_32' title='bbox 1407 868 1747 950; x_wconf 89' lang='lat' dir='ltr'><strong>quemdam</strong></span> <span class='ocrx_word' id='word_1_33' title='bbox 1793 875 1856 929; x_wconf 90' lang='lat' dir='ltr'><strong>et</strong></span> <span class='ocrx_word' id='word_1_34' title='bbox 1898 867 2129 949; x_wconf 90' lang='lat' dir='ltr'><strong>pignus</strong></span> <span class='ocrx_word' id='word_1_35' title='bbox 2177 886 2349 929; x_wconf 92' lang='lat' dir='ltr'><strong>nunc</strong></span> 
     </span>
     <span class='ocr_line' id='line_1_6' title="bbox 848 965 2350 1048; baseline 0 -20"><span class='ocrx_word' id='word_1_36' title='bbox 848 966 1103 1048; x_wconf 89' lang='lat' dir='ltr'><strong>accipit,</strong></span> <span class='ocrx_word' id='word_1_37' title='bbox 1139 966 1226 1029; x_wconf 92' lang='lat' dir='ltr'><strong>ita</strong></span> <span class='ocrx_word' id='word_1_38' title='bbox 1255 967 1426 1047; x_wconf 91' lang='lat' dir='ltr'><strong>quod</strong></span> <span class='ocrx_word' id='word_1_39' title='bbox 1456 966 1619 1028; x_wconf 87' lang='lat' dir='ltr'>nihil</span> <span class='ocrx_word' id='word_1_40' title='bbox 1651 973 1747 1028; x_wconf 90' lang='lat' dir='ltr'><strong>est</strong></span> <span class='ocrx_word' id='word_1_41' title='bbox 1776 965 1898 1027; x_wconf 85' lang='lat' dir='ltr'><strong>sibi</strong></span> <span class='ocrx_word' id='word_1_42' title='bbox 1936 966 2194 1040; x_wconf 84' lang='lat' dir='ltr'><strong>certiuS,</strong></span> <span class='ocrx_word' id='word_1_43' title='bbox 2227 966 2350 1028; x_wconf 89' lang='lat' dir='ltr'><strong>nil-</strong></span> 
     </span>
     <span class='ocr_line' id='line_1_7' title="bbox 848 1064 2350 1147; baseline 0.001 -22"><span class='ocrx_word' id='word_1_44' title='bbox 848 1083 976 1146; x_wconf 88' lang='lat' dir='ltr'><strong>que</strong></span> <span class='ocrx_word' id='word_1_45' title='bbox 1007 1064 1445 1128; x_wconf 81' lang='lat' dir='ltr'><strong>rationabilius</strong></span> <span class='ocrx_word' id='word_1_46' title='bbox 1476 1065 1535 1126; x_wconf 92' lang='lat' dir='ltr'><strong>ei</strong></span> <span class='ocrx_word' id='word_1_47' title='bbox 1564 1070 1843 1147; x_wconf 90' lang='lat' dir='ltr'><strong>apparet,</strong></span> <span class='ocrx_word' id='word_1_48' title='bbox 1878 1083 2071 1146; x_wconf 90' lang='lat' dir='ltr'><strong>quam</strong></span> <span class='ocrx_word' id='word_1_49' title='bbox 2102 1083 2176 1126; x_wconf 92' lang='lat' dir='ltr'><strong>ea</strong></span> <span class='ocrx_word' id='word_1_50' title='bbox 2205 1083 2350 1145; x_wconf 86' lang='lat' dir='ltr'><strong>quae</strong></span> 
     </span>
     <span class='ocr_line' id='line_1_8' title="bbox 846 1162 2348 1245; baseline -0.001 -20"><span class='ocrx_word' id='word_1_51' title='bbox 846 1162 1011 1225; x_wconf 81' lang='lat' dir='ltr'><strong>fides</strong></span> <span class='ocrx_word' id='word_1_52' title='bbox 1072 1163 1417 1225; x_wconf 88' lang='lat' dir='ltr'><strong>christiana</strong></span> <span class='ocrx_word' id='word_1_53' title='bbox 1476 1162 1796 1245; x_wconf 86' lang='lat' dir='ltr'><strong>proponit.</strong></span> <span class='ocrx_word' id='word_1_54' title='bbox 1858 1199 1938 1208; x_wconf 96' lang='lat'><strong>—</strong></span> <span class='ocrx_word' id='word_1_55' title='bbox 1993 1162 2348 1244; x_wconf 89' lang='lat' dir='ltr'><strong>Utrumque</strong></span> 
     </span>
     <span class='ocr_line' id='line_1_9' title="bbox 846 1259 2346 1343; baseline -0.001 -19"><span class='ocrx_word' id='word_1_56' title='bbox 846 1267 1059 1324; x_wconf 87' lang='lat' dir='ltr'><strong>autem</strong></span> <span class='ocrx_word' id='word_1_57' title='bbox 1116 1259 1271 1323; x_wconf 86' lang='lat' dir='ltr'><strong>fidei</strong></span> <span class='ocrx_word' id='word_1_58' title='bbox 1329 1261 1451 1324; x_wconf 89' lang='lat' dir='ltr'><strong>hoc</strong></span> <span class='ocrx_word' id='word_1_59' title='bbox 1504 1267 1939 1341; x_wconf 79' lang='lat' dir='ltr'><strong>augmentum,</strong></span> <span class='ocrx_word' id='word_1_60' title='bbox 1994 1261 2346 1343; x_wconf 82' lang='lat' dir='ltr'><strong>praesertim</strong></span> 
     </span>
     <span class='ocr_line' id='line_1_10' title="bbox 849 1357 2346 1441; baseline -0.001 -20"><span class='ocrx_word' id='word_1_61' title='bbox 849 1358 1278 1421; x_wconf 90' lang='lat' dir='ltr'><strong>necessarium</strong></span> <span class='ocrx_word' id='word_1_62' title='bbox 1336 1366 1433 1420; x_wconf 91' lang='lat' dir='ltr'><strong>est</strong></span> <span class='ocrx_word' id='word_1_63' title='bbox 1489 1359 1765 1441; x_wconf 85' lang='lat' dir='ltr'><strong>praelatis</strong></span> <span class='ocrx_word' id='word_1_64' title='bbox 1821 1366 2014 1441; x_wconf 90' lang='lat' dir='ltr'><strong>atque</strong></span> <span class='ocrx_word' id='word_1_65' title='bbox 2071 1357 2346 1422; x_wconf 88' lang='lat' dir='ltr'><strong>doctori-</strong></span> 
     </span>
     <span class='ocr_line' id='line_1_11' title="bbox 846 1457 2351 1539; baseline -0.001 -19"><span class='ocrx_word' id='word_1_66' title='bbox 846 1457 991 1533; x_wconf 77' lang='lat' dir='ltr'><strong>buS,</strong></span> <span class='ocrx_word' id='word_1_67' title='bbox 1025 1458 1137 1539; x_wconf 91' lang='lat' dir='ltr'><strong>qui</strong></span> <span class='ocrx_word' id='word_1_68' title='bbox 1178 1466 1241 1520; x_wconf 89' lang='lat' dir='ltr'><strong>et</strong></span> <span class='ocrx_word' id='word_1_69' title='bbox 1290 1465 1531 1521; x_wconf 89' lang='lat' dir='ltr'><strong>ceteros</strong></span> <span class='ocrx_word' id='word_1_70' title='bbox 1582 1458 1837 1519; x_wconf 88' lang='lat' dir='ltr'><strong>erudire</strong></span> <span class='ocrx_word' id='word_1_71' title='bbox 1880 1457 2119 1520; x_wconf 89' lang='lat' dir='ltr'><strong>habent</strong></span> <span class='ocrx_word' id='word_1_72' title='bbox 2161 1458 2226 1519; x_wconf 93' lang='lat' dir='ltr'><strong>in</strong></span> <span class='ocrx_word' id='word_1_73' title='bbox 2273 1457 2351 1519; x_wconf 85' lang='lat' dir='ltr'><strong>fi-</strong></span> 
     </span>
     <span class='ocr_line' id='line_1_12' title="bbox 847 1555 2350 1638; baseline -0.001 -19"><span class='ocrx_word' id='word_1_74' title='bbox 847 1557 947 1619; x_wconf 91' lang='lat' dir='ltr'><strong>de.</strong></span> <span class='ocrx_word' id='word_1_75' title='bbox 980 1556 1125 1619; x_wconf 90' lang='lat' dir='ltr'><strong>Ideo</strong></span> <span class='ocrx_word' id='word_1_76' title='bbox 1162 1556 1446 1638; x_wconf 85' lang='lat' dir='ltr'><strong>Apostoli</strong></span> <span class='ocrx_word' id='word_1_77' title='bbox 1496 1564 1800 1636; x_wconf 89' lang='lat' dir='ltr'><strong>tanquam</strong></span> <span class='ocrx_word' id='word_1_78' title='bbox 1842 1555 2034 1638; x_wconf 90' lang='lat' dir='ltr'><strong>primi</strong></span> <span class='ocrx_word' id='word_1_79' title='bbox 2074 1562 2137 1618; x_wconf 90' lang='lat' dir='ltr'><strong>et</strong></span> <span class='ocrx_word' id='word_1_80' title='bbox 2175 1574 2350 1618; x_wconf 90' lang='lat' dir='ltr'><strong>sum-</strong></span> 
     </span>
     <span class='ocr_line' id='line_1_13' title="bbox 846 1653 2346 1738; baseline 0 -22"><span class='ocrx_word' id='word_1_81' title='bbox 846 1655 935 1717; x_wconf 90' lang='lat' dir='ltr'><strong>mi</strong></span> <span class='ocrx_word' id='word_1_82' title='bbox 976 1661 1118 1738; x_wconf 88' lang='lat' dir='ltr'><strong>post</strong></span> <span class='ocrx_word' id='word_1_83' title='bbox 1147 1654 1465 1718; x_wconf 86' lang='lat' dir='ltr'><strong>Christum</strong></span> <span class='ocrx_word' id='word_1_84' title='bbox 1506 1655 1572 1716; x_wconf 93' lang='lat' dir='ltr'><strong>in</strong></span> <span class='ocrx_word' id='word_1_85' title='bbox 1605 1653 1886 1717; x_wconf 83' lang='lat' dir='ltr'><strong>Ecclesia</strong></span> <span class='ocrx_word' id='word_1_86' title='bbox 1924 1654 2063 1735; x_wconf 89' lang='lat' dir='ltr'><strong>ejus</strong></span> <span class='ocrx_word' id='word_1_87' title='bbox 2104 1655 2346 1736; x_wconf 84' lang='lat' dir='ltr'><strong>praelati</strong></span> 
     </span>
     <span class='ocr_line' id='line_1_14' title="bbox 845 1751 2345 1834; baseline -0.001 -18"><span class='ocrx_word' id='word_1_88' title='bbox 845 1761 910 1816; x_wconf 88' lang='lat' dir='ltr'><strong>et</strong></span> <span class='ocrx_word' id='word_1_89' title='bbox 966 1753 1276 1834; x_wconf 82' lang='lat' dir='ltr'><strong>magistri,</strong></span> <span class='ocrx_word' id='word_1_90' title='bbox 1331 1753 1791 1818; x_wconf 84' lang='lat' dir='ltr'><strong>rationabiliter</strong></span> <span class='ocrx_word' id='word_1_91' title='bbox 1844 1753 2166 1834; x_wconf 91' lang='lat' dir='ltr'><strong>petierunt</strong></span> <span class='ocrx_word' id='word_1_92' title='bbox 2222 1751 2345 1815; x_wconf 90' lang='lat' dir='ltr'><strong>sibi</strong></span> 
     </span>
    </p>
   </div>
   <div class='ocr_carea' id='block_1_5' title="bbox 2456 770 3959 1840">
    <p class='ocr_par' dir='ltr' id='par_1_5' title="bbox 2456 770 3959 1840">
     <span class='ocr_line' id='line_1_15' title="bbox 2460 770 3954 856; baseline 0.003 -26"><span class='ocrx_word' id='word_1_93' title='bbox 2460 770 2911 834; x_wconf 87' lang='lat' dir='ltr'><strong>cellentissima</strong></span> <span class='ocrx_word' id='word_1_94' title='bbox 2938 773 3282 853; x_wconf 89' lang='lat' dir='ltr'><strong>gratiarum</strong></span> <span class='ocrx_word' id='word_1_95' title='bbox 3313 774 3690 836; x_wconf 87' lang='lat' dir='ltr'><strong>charismata</strong></span> <span class='ocrx_word' id='word_1_96' title='bbox 3719 774 3954 856; x_wconf 89' lang='lat' dir='ltr'><strong>promi-</strong></span> 
     </span>
     <span class='ocr_line' id='line_1_16' title="bbox 2459 868 3952 954; baseline 0.003 -24"><span class='ocrx_word' id='word_1_97' title='bbox 2459 868 2542 930; x_wconf 88' lang='lat' dir='ltr'><strong>sit</strong></span> <span class='ocrx_word' id='word_1_98' title='bbox 2569 877 2633 930; x_wconf 91' lang='lat' dir='ltr'><strong>et</strong></span> <span class='ocrx_word' id='word_1_99' title='bbox 2663 870 2953 948; x_wconf 89' lang='lat' dir='ltr'><strong>contulit,</strong></span> <span class='ocrx_word' id='word_1_100' title='bbox 2979 880 3518 954; x_wconf 86' lang='lat' dir='ltr'><strong>praestaturusque</strong></span> <span class='ocrx_word' id='word_1_101' title='bbox 3547 871 3692 950; x_wconf 85' lang='lat' dir='ltr'><strong>fuit,</strong></span> <span class='ocrx_word' id='word_1_102' title='bbox 3725 881 3850 934; x_wconf 87' lang='lat' dir='ltr'><strong>tam</strong></span> <span class='ocrx_word' id='word_1_103' title='bbox 3885 873 3952 934; x_wconf 90' lang='lat' dir='ltr'><strong>in</strong></span> 
     </span>
     <span class='ocr_line' id='line_1_17' title="bbox 2460 966 3956 1052; baseline 0 -20"><span class='ocrx_word' id='word_1_104' title='bbox 2460 966 2642 1032; x_wconf 89' lang='lat' dir='ltr'><strong>donis</strong></span> <span class='ocrx_word' id='word_1_105' title='bbox 2683 968 2901 1048; x_wconf 85' lang='lat' dir='ltr'><strong>gratiae</strong></span> <span class='ocrx_word' id='word_1_106' title='bbox 2945 977 3196 1050; x_wconf 88' lang='lat' dir='ltr'><strong>gratum</strong></span> <span class='ocrx_word' id='word_1_107' title='bbox 3245 969 3538 1033; x_wconf 82' lang='lat' dir='ltr'><strong>facientis</strong></span> <span class='ocrx_word' id='word_1_108' title='bbox 3576 989 3770 1052; x_wconf 88' lang='lat' dir='ltr'><strong>quam</strong></span> <span class='ocrx_word' id='word_1_109' title='bbox 3813 989 3956 1052; x_wconf 85' lang='lat' dir='ltr'><strong>gra-</strong></span> 
     </span>
     <span class='ocr_line' id='line_1_18' title="bbox 2457 1065 3955 1150; baseline 0.001 -22"><span class='ocrx_word' id='word_1_110' title='bbox 2457 1065 2563 1128; x_wconf 80' lang='lat' dir='ltr'><strong>tiae</strong></span> <span class='ocrx_word' id='word_1_111' title='bbox 2607 1066 2802 1146; x_wconf 86' lang='lat' dir='ltr'><strong>gratis</strong></span> <span class='ocrx_word' id='word_1_112' title='bbox 2852 1068 3010 1130; x_wconf 77' lang='lat' dir='ltr'><strong>datae</strong></span> <span class='ocrx_word' id='word_1_113' title='bbox 3035 1087 3051 1148; x_wconf 90' lang='lat'>;</span> <span class='ocrx_word' id='word_1_114' title='bbox 3103 1068 3247 1131; x_wconf 91' lang='lat' dir='ltr'><strong>ideo</strong></span> <span class='ocrx_word' id='word_1_115' title='bbox 3297 1077 3440 1150; x_wconf 92' lang='lat' dir='ltr'><strong>post</strong></span> <span class='ocrx_word' id='word_1_116' title='bbox 3489 1069 3808 1150; x_wconf 78' lang='lat' dir='ltr'><strong>praedicta,</strong></span> <span class='ocrx_word' id='word_1_117' title='bbox 3854 1088 3955 1131; x_wconf 92' lang='lat' dir='ltr'><strong>sa-</strong></span> 
     </span>
     <span class='ocr_line' id='line_1_19' title="bbox 2458 1163 3955 1250; baseline 0.001 -24"><span class='ocrx_word' id='word_1_118' title='bbox 2458 1163 2808 1228; x_wconf 87' lang='lat' dir='ltr'><strong>luberrime</strong></span> <span class='ocrx_word' id='word_1_119' title='bbox 2848 1165 3108 1229; x_wconf 86' lang='lat' dir='ltr'><strong>instruit</strong></span> <span class='ocrx_word' id='word_1_120' title='bbox 3145 1185 3251 1230; x_wconf 92' lang='lat' dir='ltr'><strong>eos</strong></span> <span class='ocrx_word' id='word_1_121' title='bbox 3290 1168 3368 1229; x_wconf 90' lang='lat' dir='ltr'><strong>de</strong></span> <span class='ocrx_word' id='word_1_122' title='bbox 3407 1166 3722 1250; x_wconf 77' lang='lat' dir='ltr'><strong>profunda</strong></span> <span class='ocrx_word' id='word_1_123' title='bbox 3759 1175 3822 1230; x_wconf 88' lang='lat' dir='ltr'><strong>et</strong></span> <span class='ocrx_word' id='word_1_124' title='bbox 3857 1168 3955 1228; x_wconf 91' lang='lat' dir='ltr'><strong>in-</strong></span> 
     </span>
     <span class='ocr_line' id='line_1_20' title="bbox 2460 1264 3952 1347; baseline 0.001 -22"><span class='ocrx_word' id='word_1_125' title='bbox 2460 1281 2768 1325; x_wconf 91' lang='lat' dir='ltr'><strong>concussa</strong></span> <span class='ocrx_word' id='word_1_126' title='bbox 2824 1264 3183 1327; x_wconf 88' lang='lat' dir='ltr'><strong>humilitate</strong></span> <span class='ocrx_word' id='word_1_127' title='bbox 3230 1283 3483 1347; x_wconf 84' lang='lat' dir='ltr'><strong>semper</strong></span> <span class='ocrx_word' id='word_1_128' title='bbox 3531 1265 3596 1327; x_wconf 92' lang='lat' dir='ltr'><strong>in</strong></span> <span class='ocrx_word' id='word_1_129' title='bbox 3653 1265 3952 1328; x_wconf 89' lang='lat' dir='ltr'><strong>omnibus</strong></span> 
     </span>
     <span class='ocr_line' id='line_1_21' title="bbox 2460 1362 3952 1446; baseline 0.001 -22"><span class='ocrx_word' id='word_1_130' title='bbox 2460 1362 2907 1439; x_wconf 90' lang='lat' dir='ltr'><strong>conservanda,</strong></span> <span class='ocrx_word' id='word_1_131' title='bbox 2945 1369 3012 1424; x_wconf 92' lang='lat' dir='ltr'><strong>ut</strong></span> <span class='ocrx_word' id='word_1_132' title='bbox 3041 1381 3230 1426; x_wconf 90' lang='lat' dir='ltr'><strong>omne</strong></span> <span class='ocrx_word' id='word_1_133' title='bbox 3259 1362 3498 1426; x_wconf 89' lang='lat' dir='ltr'><strong>bonum</strong></span> <span class='ocrx_word' id='word_1_134' title='bbox 3531 1363 3952 1446; x_wconf 84' lang='lat' dir='ltr'><strong>omnipotenti</strong></span> 
     </span>
     <span class='ocr_line' id='line_1_22' title="bbox 2458 1460 3952 1544; baseline -0.001 -20"><span class='ocrx_word' id='word_1_135' title='bbox 2458 1460 2732 1525; x_wconf 86' lang='lat' dir='ltr'><strong>Creatori</strong></span> <span class='ocrx_word' id='word_1_136' title='bbox 2770 1460 3008 1542; x_wconf 86' lang='lat' dir='ltr'><strong>jugiter</strong></span> <span class='ocrx_word' id='word_1_137' title='bbox 3037 1461 3456 1538; x_wconf 88' lang='lat' dir='ltr'><strong>adscribatur,</strong></span> <span class='ocrx_word' id='word_1_138' title='bbox 3489 1471 3553 1525; x_wconf 91' lang='lat' dir='ltr'><strong>et</strong></span> <span class='ocrx_word' id='word_1_139' title='bbox 3591 1470 3766 1526; x_wconf 84' lang='lat' dir='ltr'><strong>tanto</strong></span> <span class='ocrx_word' id='word_1_140' title='bbox 3807 1462 3952 1544; x_wconf 89' lang='lat' dir='ltr'><strong>plus</strong></span> 
     </span>
     <span class='ocr_line' id='line_1_23' title="bbox 2458 1559 3956 1642; baseline 0 -20"><span class='ocrx_word' id='word_1_141' title='bbox 2458 1559 2515 1622; x_wconf 91' lang='lat' dir='ltr'><strong>ei</strong></span> <span class='ocrx_word' id='word_1_142' title='bbox 2567 1560 3003 1640; x_wconf 85' lang='lat' dir='ltr'><strong>regratiemur,</strong></span> <span class='ocrx_word' id='word_1_143' title='bbox 3049 1568 3288 1642; x_wconf 90' lang='lat' dir='ltr'><strong>quanto</strong></span> <span class='ocrx_word' id='word_1_144' title='bbox 3336 1561 3690 1642; x_wconf 87' lang='lat' dir='ltr'><strong>copiosiora</strong></span> <span class='ocrx_word' id='word_1_145' title='bbox 3737 1561 3956 1642; x_wconf 80' lang='lat' dir='ltr'><strong>gratiae</strong></span> 
     </span>
     <span class='ocr_line' id='line_1_24' title="bbox 2457 1657 3959 1740; baseline -0.002 -18"><span class='ocrx_word' id='word_1_146' title='bbox 2457 1660 2621 1722; x_wconf 91' lang='lat' dir='ltr'><strong>dona</strong></span> <span class='ocrx_word' id='word_1_147' title='bbox 2659 1658 2738 1720; x_wconf 95' lang='lat' dir='ltr'><strong>ab</strong></span> <span class='ocrx_word' id='word_1_148' title='bbox 2780 1658 2920 1740; x_wconf 91' lang='lat' dir='ltr'><strong>ipso</strong></span> <span class='ocrx_word' id='word_1_149' title='bbox 2949 1659 3152 1722; x_wconf 88' lang='lat' dir='ltr'><strong>sortiti</strong></span> <span class='ocrx_word' id='word_1_150' title='bbox 3193 1657 3529 1722; x_wconf 86' lang='lat' dir='ltr'><strong>fuerimus.</strong></span> <span class='ocrx_word' id='word_1_151' title='bbox 3566 1659 3660 1722; x_wconf 84' lang='lat' dir='ltr'><strong>Ad</strong></span> <span class='ocrx_word' id='word_1_152' title='bbox 3689 1659 3809 1722; x_wconf 92' lang='lat' dir='ltr'><strong>hoc</strong></span> <span class='ocrx_word' id='word_1_153' title='bbox 3838 1658 3959 1738; x_wconf 85' lang='lat' dir='ltr'><strong>igi-</strong></span> 
     </span>
     <span class='ocr_line' id='line_1_25' title="bbox 2456 1757 3956 1840; baseline 0 -21"><span class='ocrx_word' id='word_1_154' title='bbox 2456 1764 2562 1819; x_wconf 89' lang='lat' dir='ltr'><strong>tur</strong></span> <span class='ocrx_word' id='word_1_155' title='bbox 2603 1757 3142 1838; x_wconf 89' lang='lat' dir='ltr'><strong>persuadendum,</strong></span> <span class='ocrx_word' id='word_1_156' title='bbox 3175 1757 3569 1839; x_wconf 88' lang='lat' dir='ltr'><strong>aptissimam</strong></span> <span class='ocrx_word' id='word_1_157' title='bbox 3599 1766 3792 1840; x_wconf 89' lang='lat' dir='ltr'><strong>atque</strong></span> <span class='ocrx_word' id='word_1_158' title='bbox 3821 1757 3956 1840; x_wconf 89' lang='lat' dir='ltr'><strong>pla-</strong></span> 
     </span>
    </p>
   </div>
   <div class='ocr_carea' id='block_1_6' title="bbox 844 1851 3606 1938">
    <p class='ocr_par' dir='ltr' id='par_1_6' title="bbox 844 1851 3606 1938">
     <span class='ocr_line' id='line_1_26' title="bbox 844 1851 3606 1938; baseline 0 -23"><span class='ocrx_word' id='word_1_159' title='bbox 844 1852 1047 1915; x_wconf 86' lang='lat' dir='ltr'><strong>fidem</strong></span> <span class='ocrx_word' id='word_1_160' title='bbox 1094 1853 1313 1934; x_wconf 83' lang='lat' dir='ltr'><strong>augeri</strong></span> <span class='ocrx_word' id='word_1_161' title='bbox 1350 1872 1363 1915; x_wconf 93' lang='lat'><strong>:</strong></span> <span class='ocrx_word' id='word_1_162' title='bbox 1400 1871 1593 1934; x_wconf 89' lang='lat' dir='ltr'><strong>quam</strong></span> <span class='ocrx_word' id='word_1_163' title='bbox 1644 1851 1927 1914; x_wconf 89' lang='lat' dir='ltr'><strong>Christus</strong></span> <span class='ocrx_word' id='word_1_164' title='bbox 1978 1860 2122 1935; x_wconf 92' lang='lat' dir='ltr'><strong>post</strong></span> <span class='ocrx_word' id='word_1_165' title='bbox 2165 1871 2343 1915; x_wconf 91' lang='lat' dir='ltr'><strong>suam</strong></span> <span class='ocrx_word' id='word_1_166' title='bbox 2384 1854 2430 1916; x_wconf 92' lang='lat' dir='ltr'>B</span> <span class='ocrx_word' id='word_1_167' title='bbox 2459 1855 2792 1918; x_wconf 90' lang='lat' dir='ltr'><strong>nissimam</strong></span> <span class='ocrx_word' id='word_1_168' title='bbox 2835 1856 3181 1919; x_wconf 89' lang='lat' dir='ltr'><strong>introducit</strong></span> <span class='ocrx_word' id='word_1_169' title='bbox 3223 1856 3606 1938; x_wconf 88' lang='lat' dir='ltr'><strong>parabolam.</strong></span> 
     </span>
    </p>
   </div>
   <div class='ocr_carea' id='block_1_7' title="bbox 840 1949 2348 3017">
    <p class='ocr_par' dir='ltr' id='par_1_7' title="bbox 845 1949 2348 2330">
     <span class='ocr_line' id='line_1_27' title="bbox 846 1949 2343 2033; baseline -0.001 -19"><span class='ocrx_word' id='word_1_170' title='bbox 846 1951 1377 2015; x_wconf 89' lang='lat' dir='ltr'><strong>resurrectionem</strong></span> <span class='ocrx_word' id='word_1_171' title='bbox 1429 1950 1495 2012; x_wconf 94' lang='lat' dir='ltr'><strong>in</strong></span> <span class='ocrx_word' id='word_1_172' title='bbox 1553 1950 1646 2012; x_wconf 91' lang='lat' dir='ltr'><strong>eis</strong></span> <span class='ocrx_word' id='word_1_173' title='bbox 1696 1951 2001 2032; x_wconf 89' lang='lat' dir='ltr'><strong>paulatim</strong></span> <span class='ocrx_word' id='word_1_174' title='bbox 2052 1949 2343 2033; x_wconf 86' lang='lat' dir='ltr'><strong>perfecit,</strong></span> 
     </span>
     <span class='ocr_line' id='line_1_28' title="bbox 845 2048 2346 2132; baseline 0 -20"><span class='ocrx_word' id='word_1_175' title='bbox 845 2068 1185 2132; x_wconf 88' lang='lat' dir='ltr'><strong>quousque</strong></span> <span class='ocrx_word' id='word_1_176' title='bbox 1235 2050 1301 2112; x_wconf 90' lang='lat' dir='ltr'><strong>in</strong></span> <span class='ocrx_word' id='word_1_177' title='bbox 1352 2049 1458 2112; x_wconf 90' lang='lat' dir='ltr'><strong>die</strong></span> <span class='ocrx_word' id='word_1_178' title='bbox 1503 2048 1899 2113; x_wconf 89' lang='lat' dir='ltr'><strong>Pentecostes</strong></span> <span class='ocrx_word' id='word_1_179' title='bbox 1948 2067 2087 2111; x_wconf 88' lang='lat' dir='ltr'><strong>eam</strong></span> <span class='ocrx_word' id='word_1_180' title='bbox 2138 2049 2204 2111; x_wconf 93' lang='lat' dir='ltr'><strong>in</strong></span> <span class='ocrx_word' id='word_1_181' title='bbox 2255 2050 2346 2112; x_wconf 91' lang='lat' dir='ltr'><strong>eis</strong></span> 
     </span>
     <span class='ocr_line' id='line_1_29' title="bbox 847 2147 2348 2232; baseline 0 -21"><span class='ocrx_word' id='word_1_182' title='bbox 847 2148 1221 2232; x_wconf 87' lang='lat' dir='ltr'><strong>plenissime</strong></span> <span class='ocrx_word' id='word_1_183' title='bbox 1272 2147 1759 2212; x_wconf 87' lang='lat' dir='ltr'><strong>consummavit.</strong></span> <span class='ocrx_word' id='word_1_184' title='bbox 1802 2147 1979 2210; x_wconf 88' lang='lat' dir='ltr'><strong>Unde</strong></span> <span class='ocrx_word' id='word_1_185' title='bbox 2026 2154 2088 2210; x_wconf 89' lang='lat' dir='ltr'><strong>et</strong></span> <span class='ocrx_word' id='word_1_186' title='bbox 2130 2167 2348 2212; x_wconf 90' lang='lat' dir='ltr'><strong>conse-</strong></span> 
     </span>
     <span class='ocr_line' id='line_1_30' title="bbox 845 2245 2341 2330; baseline 0.001 -22"><span class='ocrx_word' id='word_1_187' title='bbox 845 2255 1115 2330; x_wconf 86' lang='lat' dir='ltr'><strong>quenter</strong></span> <span class='ocrx_word' id='word_1_188' title='bbox 1142 2245 1297 2310; x_wconf 86' lang='lat' dir='ltr'><strong>fidei</strong></span> <span class='ocrx_word' id='word_1_189' title='bbox 1330 2247 1783 2311; x_wconf 90' lang='lat' dir='ltr'><strong>virtuositatem</strong></span> <span class='ocrx_word' id='word_1_190' title='bbox 1818 2246 1909 2308; x_wconf 88' lang='lat' dir='ltr'><strong>cis</strong></span> <span class='ocrx_word' id='word_1_191' title='bbox 1942 2247 2341 2310; x_wconf 88' lang='lat' dir='ltr'><strong>demonstrat.</strong></span> 
     </span>
    </p>

    <p class='ocr_par' dir='ltr' id='par_1_8' title="bbox 840 2347 2348 3017">
     <span class='ocr_line' id='line_1_31' title="bbox 934 2347 2348 2410; baseline -0.002 0"><span class='ocrx_word' id='word_1_192' title='bbox 934 2349 1128 2410; x_wconf 79' lang='lat' dir='ltr'><strong>Dioeit</strong></span> <span class='ocrx_word' id='word_1_193' title='bbox 1175 2356 1391 2408; x_wconf 86' lang='lat' dir='ltr'><strong>autem</strong></span> <span class='ocrx_word' id='word_1_194' title='bbox 1438 2347 1761 2406; x_wconf 78' lang='lat' dir='ltr'><strong>Dominus</strong></span> <span class='ocrx_word' id='word_1_195' title='bbox 1799 2367 1821 2406; x_wconf 91' lang='lat'><strong>.·</strong></span> <span class='ocrx_word' id='word_1_196' title='bbox 1860 2347 1942 2408; x_wconf 87' lang='lat' dir='ltr'><strong>Si</strong></span> <span class='ocrx_word' id='word_1_197' title='bbox 1988 2348 2348 2407; x_wconf 78' lang='lat' dir='ltr'><strong>habueritis</strong></span> 
     </span>
     <span class='ocr_line' id='line_1_32' title="bbox 840 2443 2346 2523; baseline 0 -17"><span class='ocrx_word' id='word_1_198' title='bbox 840 2447 1039 2523; x_wconf 79' lang='lat' dir='ltr'><strong>fidem</strong></span> <span class='ocrx_word' id='word_1_199' title='bbox 1085 2446 1252 2505; x_wconf 80' lang='lat' dir='ltr'><strong>sieut</strong></span> <span class='ocrx_word' id='word_1_200' title='bbox 1294 2463 1585 2522; x_wconf 72' lang='lat' dir='ltr'><strong>ymnum</strong></span> <span class='ocrx_word' id='word_1_201' title='bbox 1631 2445 1907 2521; x_wconf 79' lang='lat' dir='ltr'><strong>sinapis,</strong></span> <span class='ocrx_word' id='word_1_202' title='bbox 1959 2443 2023 2505; x_wconf 89' lang='lat' dir='ltr'><strong>id</strong></span> <span class='ocrx_word' id='word_1_203' title='bbox 2074 2453 2171 2507; x_wconf 88' lang='lat' dir='ltr'><strong>est</strong></span> <span class='ocrx_word' id='word_1_204' title='bbox 2217 2443 2346 2508; x_wconf 85' lang='lat' dir='ltr'><strong>for-</strong></span> 
     </span>
     <span class='ocr_line' id='line_1_33' title="bbox 841 2541 2344 2624; baseline 0.001 -19"><span class='ocrx_word' id='word_1_205' title='bbox 841 2550 971 2605; x_wconf 90' lang='lat' dir='ltr'><strong>tem</strong></span> <span class='ocrx_word' id='word_1_206' title='bbox 1013 2542 1195 2607; x_wconf 90' lang='lat' dir='ltr'><strong>valde</strong></span> <span class='ocrx_word' id='word_1_207' title='bbox 1242 2549 1305 2604; x_wconf 87' lang='lat' dir='ltr'><strong>et</strong></span> <span class='ocrx_word' id='word_1_208' title='bbox 1353 2541 1731 2623; x_wconf 90' lang='lat' dir='ltr'><strong>vigorosam,</strong></span> <span class='ocrx_word' id='word_1_209' title='bbox 1787 2541 2101 2604; x_wconf 89' lang='lat' dir='ltr'><strong>intensam</strong></span> <span class='ocrx_word' id='word_1_210' title='bbox 2150 2550 2344 2624; x_wconf 89' lang='lat' dir='ltr'><strong>atque</strong></span> 
     </span>
     <span class='ocr_line' id='line_1_34' title="bbox 842 2639 2342 2722; baseline -0.001 -17"><span class='ocrx_word' id='word_1_211' title='bbox 842 2641 1171 2705; x_wconf 91' lang='lat' dir='ltr'><strong>invictam.</strong></span> <span class='ocrx_word' id='word_1_212' title='bbox 1233 2639 1778 2714; x_wconf 88' lang='lat' dir='ltr'><strong>Quemadmodum</strong></span> <span class='ocrx_word' id='word_1_213' title='bbox 1839 2659 2109 2722; x_wconf 86' lang='lat' dir='ltr'><strong>granum</strong></span> <span class='ocrx_word' id='word_1_214' title='bbox 2173 2642 2342 2703; x_wconf 91' lang='lat' dir='ltr'><strong>sina-</strong></span> 
     </span>
     <span class='ocr_line' id='line_1_35' title="bbox 842 2738 2344 2822; baseline 0 -20"><span class='ocrx_word' id='word_1_215' title='bbox 842 2739 966 2822; x_wconf 82' lang='lat' dir='ltr'><strong>piS,</strong></span> <span class='ocrx_word' id='word_1_216' title='bbox 1014 2739 1309 2822; x_wconf 91' lang='lat' dir='ltr'><strong>quamvis</strong></span> <span class='ocrx_word' id='word_1_217' title='bbox 1350 2739 1433 2800; x_wconf 88' lang='lat' dir='ltr'><strong>sit</strong></span> <span class='ocrx_word' id='word_1_218' title='bbox 1471 2738 1793 2802; x_wconf 88' lang='lat' dir='ltr'><strong>modicum</strong></span> <span class='ocrx_word' id='word_1_219' title='bbox 1832 2739 2206 2820; x_wconf 89' lang='lat' dir='ltr'><strong>quantitate,</strong></span> <span class='ocrx_word' id='word_1_220' title='bbox 2249 2746 2344 2802; x_wconf 90' lang='lat' dir='ltr'><strong>est</strong></span> 
     </span>
     <span class='ocr_line' id='line_1_36' title="bbox 841 2835 2344 2919; baseline -0.001 -18"><span class='ocrx_word' id='word_1_221' title='bbox 841 2846 1053 2901; x_wconf 85' lang='lat' dir='ltr'><strong>tamen</strong></span> <span class='ocrx_word' id='word_1_222' title='bbox 1096 2856 1401 2919; x_wconf 88' lang='lat' dir='ltr'><strong>magnum</strong></span> <span class='ocrx_word' id='word_1_223' title='bbox 1431 2837 1687 2912; x_wconf 87' lang='lat' dir='ltr'><strong>virtute,</strong></span> <span class='ocrx_word' id='word_1_224' title='bbox 1722 2835 2043 2900; x_wconf 85' lang='lat' dir='ltr'><strong>fervidum</strong></span> <span class='ocrx_word' id='word_1_225' title='bbox 2074 2847 2137 2900; x_wconf 91' lang='lat' dir='ltr'><strong>et</strong></span> <span class='ocrx_word' id='word_1_226' title='bbox 2175 2857 2344 2900; x_wconf 90' lang='lat' dir='ltr'><strong>ama-</strong></span> 
     </span>
     <span class='ocr_line' id='line_1_37' title="bbox 842 2935 2341 3017; baseline -0.001 -18"><span class='ocrx_word' id='word_1_227' title='bbox 842 2956 1010 3012; x_wconf 90' lang='lat' dir='ltr'><strong>rum,</strong></span> <span class='ocrx_word' id='word_1_228' title='bbox 1072 2935 1433 3016; x_wconf 89' lang='lat' dir='ltr'><strong>venenique</strong></span> <span class='ocrx_word' id='word_1_229' title='bbox 1492 2935 1951 3017; x_wconf 83' lang='lat' dir='ltr'><strong>expulsivum3</strong></span> <span class='ocrx_word' id='word_1_230' title='bbox 2009 2935 2102 2998; x_wconf 90' lang='lat' dir='ltr'><strong>sic</strong></span> <span class='ocrx_word' id='word_1_231' title='bbox 2162 2935 2341 3000; x_wconf 89' lang='lat' dir='ltr'><strong>Chri-</strong></span> 
     </span>
    </p>
   </div>
   <div class='ocr_carea' id='block_1_8' title="bbox 2453 1957 3958 2823">
    <p class='ocr_par' dir='ltr' id='par_1_9' title="bbox 2453 1957 3958 2823">
     <span class='ocr_line' id='line_1_38' title="bbox 2557 1957 3952 2024; baseline 0.001 -10"><span class='ocrx_word' id='word_1_232' title='bbox 2557 1957 2716 2024; x_wconf 78' lang='lat' dir='ltr'><strong>Quis</strong></span> <span class='ocrx_word' id='word_1_233' title='bbox 2779 1966 2998 2016; x_wconf 84' lang='lat' dir='ltr'><strong>autem</strong></span> <span class='ocrx_word' id='word_1_234' title='bbox 3063 1963 3344 2016; x_wconf 81' lang='lat' dir='ltr'><strong>vestrum</strong></span> <span class='ocrx_word' id='word_1_235' title='bbox 3399 1957 3634 2016; x_wconf 74' lang='lat' dir='ltr'><strong>habens</strong></span> <span class='ocrx_word' id='word_1_236' title='bbox 3693 1975 3952 2016; x_wconf 81' lang='lat' dir='ltr'><strong>servum</strong></span> 
     </span>
     <span class='ocr_line' id='line_1_39' title="bbox 2455 2054 3956 2133; baseline -0.001 -19"><span class='ocrx_word' id='word_1_237' title='bbox 2455 2064 2778 2122; x_wconf 82' lang='lat' dir='ltr'><strong>arantem,</strong></span> <span class='ocrx_word' id='word_1_238' title='bbox 2811 2063 2927 2114; x_wconf 85' lang='lat' dir='ltr'><strong>aut</strong></span> <span class='ocrx_word' id='word_1_239' title='bbox 2957 2055 3135 2114; x_wconf 79' lang='lat' dir='ltr'><strong>boves</strong></span> <span class='ocrx_word' id='word_1_240' title='bbox 3157 2063 3548 2131; x_wconf 77' lang='lat' dir='ltr'><strong>pascentem,</strong></span> <span class='ocrx_word' id='word_1_241' title='bbox 3575 2054 3693 2133; x_wconf 80' lang='lat' dir='ltr'><strong>qui</strong></span> <span class='ocrx_word' id='word_1_242' title='bbox 3719 2073 3956 2131; x_wconf 71' lang='lat' dir='ltr'><strong>reyres-</strong></span> 
     </span>
     <span class='ocr_line' id='line_1_40' title="bbox 2454 2153 3956 2229; baseline -0.001 -16"><span class='ocrx_word' id='word_1_243' title='bbox 2454 2172 2520 2214; x_wconf 82' lang='lat' dir='ltr'><strong>so</strong></span> <span class='ocrx_word' id='word_1_244' title='bbox 2553 2169 2738 2215; x_wconf 88' lang='lat' dir='ltr'><strong>servo</strong></span> <span class='ocrx_word' id='word_1_245' title='bbox 2766 2155 2845 2212; x_wconf 88' lang='lat' dir='ltr'><strong>de</strong></span> <span class='ocrx_word' id='word_1_246' title='bbox 2885 2171 3042 2229; x_wconf 73' lang='lat' dir='ltr'><strong>ayro</strong></span> <span class='ocrx_word' id='word_1_247' title='bbox 3070 2153 3247 2212; x_wconf 87' lang='lat' dir='ltr'><strong>dieat</strong></span> <span class='ocrx_word' id='word_1_248' title='bbox 3278 2153 3386 2211; x_wconf 84' lang='lat' dir='ltr'><strong>illi</strong></span> <span class='ocrx_word' id='word_1_249' title='bbox 3414 2173 3438 2212; x_wconf 91' lang='lat'><strong>.·</strong></span> <span class='ocrx_word' id='word_1_250' title='bbox 3469 2153 3710 2213; x_wconf 82' lang='lat' dir='ltr'><strong>Statim</strong></span> <span class='ocrx_word' id='word_1_251' title='bbox 3745 2154 3956 2212; x_wconf 77' lang='lat' dir='ltr'><strong>transi</strong></span> 
     </span>
     <span class='ocr_line' id='line_1_41' title="bbox 2455 2248 3954 2331; baseline -0.001 -19"><span class='ocrx_word' id='word_1_252' title='bbox 2455 2251 2532 2312; x_wconf 89' lang='lat' dir='ltr'><strong>ad</strong></span> <span class='ocrx_word' id='word_1_253' title='bbox 2582 2267 2890 2324; x_wconf 90' lang='lat' dir='ltr'><strong>mensam,</strong></span> <span class='ocrx_word' id='word_1_254' title='bbox 2925 2251 3238 2320; x_wconf 82' lang='lat' dir='ltr'><strong>recumbe,</strong></span> <span class='ocrx_word' id='word_1_255' title='bbox 3269 2248 3332 2311; x_wconf 93' lang='lat' dir='ltr'><strong>id</strong></span> <span class='ocrx_word' id='word_1_256' title='bbox 3371 2257 3486 2324; x_wconf 86' lang='lat' dir='ltr'><strong>est,</strong></span> <span class='ocrx_word' id='word_1_257' title='bbox 3523 2249 3802 2331; x_wconf 89' lang='lat' dir='ltr'><strong>quiesce,</strong></span> <span class='ocrx_word' id='word_1_258' title='bbox 3837 2267 3954 2312; x_wconf 90' lang='lat' dir='ltr'><strong>seu</strong></span> 
     </span>
     <span class='ocr_line' id='line_1_42' title="bbox 2455 2348 3958 2428; baseline 0 -18"><span class='ocrx_word' id='word_1_259' title='bbox 2455 2348 2754 2428; x_wconf 83' lang='lat' dir='ltr'><strong>comede3</strong></span> <span class='ocrx_word' id='word_1_260' title='bbox 2785 2357 2846 2408; x_wconf 87' lang='lat' dir='ltr'><strong>et</strong></span> <span class='ocrx_word' id='word_1_261' title='bbox 2884 2367 3016 2409; x_wconf 80' lang='lat' dir='ltr'><strong>non</strong></span> <span class='ocrx_word' id='word_1_262' title='bbox 3044 2349 3222 2408; x_wconf 83' lang='lat' dir='ltr'><strong>dicat</strong></span> <span class='ocrx_word' id='word_1_263' title='bbox 3261 2349 3323 2407; x_wconf 88' lang='lat' dir='ltr'><strong>ei</strong></span> <span class='ocrx_word' id='word_1_264' title='bbox 3364 2369 3387 2407; x_wconf 90' lang='lat'><strong>.·</strong></span> <span class='ocrx_word' id='word_1_265' title='bbox 3415 2351 3600 2410; x_wconf 85' lang='lat' dir='ltr'><strong>Para</strong></span> <span class='ocrx_word' id='word_1_266' title='bbox 3631 2350 3803 2428; x_wconf 84' lang='lat' dir='ltr'><strong>quod</strong></span> <span class='ocrx_word' id='word_1_267' title='bbox 3836 2369 3958 2410; x_wconf 69' lang='grc' dir='ltr'><strong>σω-</strong></span> 
     </span>
     <span class='ocr_line' id='line_1_43' title="bbox 2453 2446 3958 2528; baseline 0 -21"><span class='ocrx_word' id='word_1_268' title='bbox 2453 2467 2627 2516; x_wconf 82' lang='lat' dir='ltr'><strong>nem,</strong></span> <span class='ocrx_word' id='word_1_269' title='bbox 2661 2447 2781 2510; x_wconf 92' lang='lat' dir='ltr'><strong>hoc</strong></span> <span class='ocrx_word' id='word_1_270' title='bbox 2820 2455 2937 2521; x_wconf 91' lang='lat' dir='ltr'><strong>est,</strong></span> <span class='ocrx_word' id='word_1_271' title='bbox 2973 2447 3049 2508; x_wconf 87' lang='lat' dir='ltr'><strong>ad</strong></span> <span class='ocrx_word' id='word_1_272' title='bbox 3101 2447 3482 2509; x_wconf 89' lang='lat' dir='ltr'><strong>coenandum</strong></span> <span class='ocrx_word' id='word_1_273' title='bbox 3523 2465 3806 2528; x_wconf 82' lang='lat' dir='ltr'><strong>praepara</strong></span> <span class='ocrx_word' id='word_1_274' title='bbox 3833 2446 3958 2508; x_wconf 89' lang='lat' dir='ltr'><strong>mi-</strong></span> 
     </span>
     <span class='ocr_line' id='line_1_44' title="bbox 2455 2544 3957 2622; baseline -0.001 -16"><span class='ocrx_word' id='word_1_275' title='bbox 2455 2544 2521 2606; x_wconf 91' lang='lat' dir='ltr'><strong>hi</strong></span> <span class='ocrx_word' id='word_1_276' title='bbox 2576 2544 2794 2607; x_wconf 89' lang='lat' dir='ltr'><strong>cibum</strong></span> <span class='ocrx_word' id='word_1_277' title='bbox 2845 2552 2909 2607; x_wconf 90' lang='lat' dir='ltr'><strong>et</strong></span> <span class='ocrx_word' id='word_1_278' title='bbox 2958 2562 3267 2619; x_wconf 89' lang='lat' dir='ltr'><strong>mensam,</strong></span> <span class='ocrx_word' id='word_1_279' title='bbox 3308 2554 3370 2606; x_wconf 90' lang='lat' dir='ltr'><strong>et</strong></span> <span class='ocrx_word' id='word_1_280' title='bbox 3408 2546 3733 2622; x_wconf 72' lang='lat' dir='ltr'><strong>praecinye</strong></span> <span class='ocrx_word' id='word_1_281' title='bbox 3781 2555 3864 2616; x_wconf 79' lang='lat' dir='ltr'><strong>te,</strong></span> <span class='ocrx_word' id='word_1_282' title='bbox 3895 2554 3957 2604; x_wconf 87' lang='lat' dir='ltr'><strong>et</strong></span> 
     </span>
     <span class='ocr_line' id='line_1_45' title="bbox 2455 2644 3956 2704; baseline -0.001 0"><span class='ocrx_word' id='word_1_283' title='bbox 2455 2645 2764 2704; x_wconf 79' lang='lat' dir='ltr'><strong>ministra</strong></span> <span class='ocrx_word' id='word_1_284' title='bbox 2823 2644 2995 2704; x_wconf 77' lang='lat' dir='ltr'><strong>mihi</strong></span> <span class='ocrx_word' id='word_1_285' title='bbox 3053 2646 3251 2704; x_wconf 82' lang='lat' dir='ltr'><strong>donec</strong></span> <span class='ocrx_word' id='word_1_286' title='bbox 3307 2645 3690 2704; x_wconf 82' lang='lat' dir='ltr'><strong>manducem</strong></span> <span class='ocrx_word' id='word_1_287' title='bbox 3745 2651 3806 2704; x_wconf 86' lang='lat' dir='ltr'><strong>et</strong></span> <span class='ocrx_word' id='word_1_288' title='bbox 3857 2644 3956 2702; x_wconf 82' lang='lat' dir='ltr'><strong>bi-</strong></span> 
     </span>
     <span class='ocr_line' id='line_1_46' title="bbox 2453 2737 3958 2823; baseline -0.003 -21"><span class='ocrx_word' id='word_1_289' title='bbox 2453 2737 2620 2812; x_wconf 70' lang='lat' dir='ltr'><strong>bam,</strong></span> <span class='ocrx_word' id='word_1_290' title='bbox 2656 2740 2896 2803; x_wconf 89' lang='lat' dir='ltr'><strong>cibaria</strong></span> <span class='ocrx_word' id='word_1_291' title='bbox 2938 2741 3320 2822; x_wconf 89' lang='lat' dir='ltr'><strong>apponendo</strong></span> <span class='ocrx_word' id='word_1_292' title='bbox 3359 2748 3422 2802; x_wconf 88' lang='lat' dir='ltr'><strong>et</strong></span> <span class='ocrx_word' id='word_1_293' title='bbox 3466 2740 3862 2823; x_wconf 87' lang='lat' dir='ltr'><strong>deponendo,</strong></span> <span class='ocrx_word' id='word_1_294' title='bbox 3895 2750 3958 2800; x_wconf 83' lang='lat' dir='ltr'><strong>et</strong></span> 
     </span>
    </p>
   </div>
   <div class='ocr_carea' id='block_1_9' title="bbox 2443 2840 3958 2918">
    <p class='ocr_par' dir='ltr' id='par_1_10' title="bbox 2443 2840 3958 2918">
     <span class='ocr_line' id='line_1_47' title="bbox 2443 2840 3958 2918; baseline -0.001 -18"><span class='ocrx_word' id='word_1_295' title='bbox 2443 2850 2588 2918; x_wconf 81' lang='lat' dir='ltr'><strong>post</strong></span> <span class='ocrx_word' id='word_1_296' title='bbox 2641 2841 2773 2902; x_wconf 79' lang='lat' dir='ltr'><strong>hoec</strong></span> <span class='ocrx_word' id='word_1_297' title='bbox 2820 2850 2891 2900; x_wconf 85' lang='lat' dir='ltr'><strong>tu</strong></span> <span class='ocrx_word' id='word_1_298' title='bbox 2930 2841 3356 2900; x_wconf 77' lang='lat' dir='ltr'><strong>manducabis</strong></span> <span class='ocrx_word' id='word_1_299' title='bbox 3394 2849 3454 2900; x_wconf 91' lang='lat' dir='ltr'><strong>et</strong></span> <span class='ocrx_word' id='word_1_300' title='bbox 3501 2841 3718 2899; x_wconf 80' lang='lat' dir='ltr'><strong>bibes?</strong></span> <span class='ocrx_word' id='word_1_301' title='bbox 3746 2840 3958 2902; x_wconf 86' lang='lat' dir='ltr'><strong>Num-</strong></span> 
     </span>
    </p>
   </div>
   <div class='ocr_carea' id='block_1_10' title="bbox 2452 2936 3956 3018">
    <p class='ocr_par' dir='ltr' id='par_1_11' title="bbox 2452 2936 3956 3018">
     <span class='ocr_line' id='line_1_48' title="bbox 2452 2936 3956 3018; baseline 0 -20"><span class='ocrx_word' id='word_1_302' title='bbox 2452 2940 2617 3018; x_wconf 83' lang='lat' dir='ltr'><strong>quid</strong></span> <span class='ocrx_word' id='word_1_303' title='bbox 2638 2940 2936 3016; x_wconf 69' lang='lat' dir='ltr'><strong>qratiam</strong></span> <span class='ocrx_word' id='word_1_304' title='bbox 2966 2940 3151 2998; x_wconf 73' lang='lat' dir='ltr'><strong>habet</strong></span> <span class='ocrx_word' id='word_1_305' title='bbox 3178 2957 3356 2998; x_wconf 83' lang='lat' dir='ltr'><strong>servo</strong></span> <span class='ocrx_word' id='word_1_306' title='bbox 3387 2939 3511 3009; x_wconf 86' lang='lat' dir='ltr'><strong>illi,</strong></span> <span class='ocrx_word' id='word_1_307' title='bbox 3537 2936 3601 2999; x_wconf 90' lang='lat' dir='ltr'><strong>id</strong></span> <span class='ocrx_word' id='word_1_308' title='bbox 3630 2943 3742 3014; x_wconf 86' lang='lat' dir='ltr'><strong>est,</strong></span> <span class='ocrx_word' id='word_1_309' title='bbox 3776 2956 3956 2998; x_wconf 87' lang='lat' dir='ltr'><strong>num-</strong></span> 
     </span>
    </p>
   </div>
   <div class='ocr_carea' id='block_1_11' title="bbox 842 3032 4235 3809">
    <p class='ocr_par' dir='ltr' id='par_1_12' title="bbox 843 3032 4235 3414">
     <span class='ocr_line' id='line_1_49' title="bbox 843 3032 3956 3119; baseline 0 -20"><span class='ocrx_word' id='word_1_310' title='bbox 843 3036 1196 3099; x_wconf 87' lang='lat' dir='ltr'><strong>stianorum</strong></span> <span class='ocrx_word' id='word_1_311' title='bbox 1256 3032 1419 3096; x_wconf 84' lang='lat' dir='ltr'><strong>fides</strong></span> <span class='ocrx_word' id='word_1_312' title='bbox 1478 3033 1667 3096; x_wconf 88' lang='lat' dir='ltr'><strong>debet</strong></span> <span class='ocrx_word' id='word_1_313' title='bbox 1722 3051 1861 3096; x_wconf 90' lang='lat' dir='ltr'><strong>esse</strong></span> <span class='ocrx_word' id='word_1_314' title='bbox 1922 3033 2171 3098; x_wconf 87' lang='lat' dir='ltr'><strong>fervida</strong></span> <span class='ocrx_word' id='word_1_315' title='bbox 2229 3053 2343 3118; x_wconf 90' lang='lat' dir='ltr'><strong>per</strong></span> <span class='ocrx_word' id='word_1_316' title='bbox 2379 3034 2422 3098; x_wconf 90' lang='lat' dir='ltr'><strong>C</strong></span> <span class='ocrx_word' id='word_1_317' title='bbox 2458 3037 2616 3119; x_wconf 93' lang='lat' dir='ltr'><strong>quid</strong></span> <span class='ocrx_word' id='word_1_318' title='bbox 2657 3036 2954 3099; x_wconf 90' lang='lat' dir='ltr'><strong>dominus</strong></span> <span class='ocrx_word' id='word_1_319' title='bbox 3003 3035 3194 3098; x_wconf 89' lang='lat' dir='ltr'><strong>habet</strong></span> <span class='ocrx_word' id='word_1_320' title='bbox 3229 3042 3436 3117; x_wconf 83' lang='lat' dir='ltr'><strong>grates</strong></span> <span class='ocrx_word' id='word_1_321' title='bbox 3473 3053 3659 3117; x_wconf 86' lang='lat' dir='ltr'><strong>agere</strong></span> <span class='ocrx_word' id='word_1_322' title='bbox 3699 3035 3792 3097; x_wconf 91' lang='lat' dir='ltr'><strong>illi</strong></span> <span class='ocrx_word' id='word_1_323' title='bbox 3838 3055 3956 3100; x_wconf 92' lang='lat' dir='ltr'><strong>suo</strong></span> 
     </span>
     <span class='ocr_line' id='line_1_50' title="bbox 844 3124 4235 3215; baseline -0.001 -17"><span class='ocrx_word' id='word_1_324' title='bbox 844 3134 1187 3208; x_wconf 88' lang='lat' dir='ltr'><strong>caritatem,</strong></span> <span class='ocrx_word' id='word_1_325' title='bbox 1210 3151 1422 3195; x_wconf 87' lang='lat' dir='ltr'><strong>amara</strong></span> <span class='ocrx_word' id='word_1_326' title='bbox 1464 3151 1578 3214; x_wconf 88' lang='lat' dir='ltr'><strong>per</strong></span> <span class='ocrx_word' id='word_1_327' title='bbox 1609 3133 2179 3215; x_wconf 88' lang='lat' dir='ltr'><strong>promptitudinem</strong></span> <span class='ocrx_word' id='word_1_328' title='bbox 2211 3153 2343 3196; x_wconf 91' lang='lat' dir='ltr'><strong>sus·</strong></span> <span class='ocrx_word' id='word_1_329' title='bbox 2455 3135 2772 3210; x_wconf 90' lang='lat' dir='ltr'><strong>ministro,</strong></span> <span class='ocrx_word' id='word_1_330' title='bbox 2805 3137 2964 3215; x_wconf 82' lang='lat' dir='ltr'><strong>quia</strong></span> <span class='ocrx_word' id='word_1_331' title='bbox 3001 3136 3156 3212; x_wconf 82' lang='lat' dir='ltr'><strong>feeit</strong></span> <span class='ocrx_word' id='word_1_332' title='bbox 3194 3155 3337 3215; x_wconf 81' lang='lat' dir='ltr'><strong>quae</strong></span> <span class='ocrx_word' id='word_1_333' title='bbox 3373 3136 3435 3194; x_wconf 86' lang='lat' dir='ltr'><strong>ei</strong></span> <span class='ocrx_word' id='word_1_334' title='bbox 3473 3137 3956 3213; x_wconf 80' lang='lat' dir='ltr'><strong>imperaverat?</strong></span> <span class='ocrx_word' id='word_1_335' title='bbox 4233 3124 4235 3210; x_wconf 52' lang='lat' dir='ltr'>J</span> 
     </span>
     <span class='ocr_line' id='line_1_51' title="bbox 844 3231 4235 3313; baseline 0 -17"><span class='ocrx_word' id='word_1_336' title='bbox 844 3231 1091 3296; x_wconf 89' lang='lat' dir='ltr'><strong>tineudi</strong></span> <span class='ocrx_word' id='word_1_337' title='bbox 1148 3233 1434 3306; x_wconf 89' lang='lat' dir='ltr'><strong>adversa,</strong></span> <span class='ocrx_word' id='word_1_338' title='bbox 1490 3248 1572 3293; x_wconf 91' lang='lat' dir='ltr'><strong>ne</strong></span> <span class='ocrx_word' id='word_1_339' title='bbox 1632 3238 1919 3313; x_wconf 88' lang='lat' dir='ltr'><strong>tempore</strong></span> <span class='ocrx_word' id='word_1_340' title='bbox 1974 3233 2342 3296; x_wconf 87' lang='lat' dir='ltr'><strong>tentationis</strong></span> <span class='ocrx_word' id='word_1_341' title='bbox 2453 3235 2602 3297; x_wconf 84' lang='lat' dir='ltr'><strong>Non</strong></span> <span class='ocrx_word' id='word_1_342' title='bbox 2645 3243 2830 3311; x_wconf 78' lang='lat' dir='ltr'><strong>puta.</strong></span> <span class='ocrx_word' id='word_1_343' title='bbox 2879 3231 3112 3295; x_wconf 88' lang='lat' dir='ltr'><strong>Servus</strong></span> <span class='ocrx_word' id='word_1_344' title='bbox 3161 3232 3334 3294; x_wconf 90' lang='lat' dir='ltr'><strong>enim</strong></span> <span class='ocrx_word' id='word_1_345' title='bbox 3384 3240 3637 3296; x_wconf 87' lang='lat' dir='ltr'><strong>tenetur</strong></span> <span class='ocrx_word' id='word_1_346' title='bbox 3681 3233 3760 3294; x_wconf 91' lang='lat' dir='ltr'><strong>ad</strong></span> <span class='ocrx_word' id='word_1_347' title='bbox 3809 3233 3951 3306; x_wconf 91' lang='lat' dir='ltr'><strong>hoc,</strong></span> <span class='ocrx_word' id='word_1_348' title='bbox 4081 3241 4136 3296; x_wconf 80' lang='lat'><strong>1⁰</strong></span> <span class='ocrx_word' id='word_1_349' title='bbox 4233 3237 4235 3240; x_wconf 51' lang='lat'><em>⁴</em></span> 
     </span>
     <span class='ocr_line' id='line_1_52' title="bbox 844 3330 3953 3414; baseline -0.001 -19"><span class='ocrx_word' id='word_1_350' title='bbox 844 3331 1122 3406; x_wconf 87' lang='lat' dir='ltr'><strong>deficiat,</strong></span> <span class='ocrx_word' id='word_1_351' title='bbox 1183 3330 1391 3393; x_wconf 88' lang='lat' dir='ltr'><strong>omnis</strong></span> <span class='ocrx_word' id='word_1_352' title='bbox 1451 3347 1709 3411; x_wconf 89' lang='lat' dir='ltr'><strong>quoque</strong></span> <span class='ocrx_word' id='word_1_353' title='bbox 1765 3330 1993 3393; x_wconf 89' lang='lat' dir='ltr'><strong>veneni</strong></span> <span class='ocrx_word' id='word_1_354' title='bbox 2053 3349 2342 3394; x_wconf 87' lang='lat' dir='ltr'><strong>errorum</strong></span> <span class='ocrx_word' id='word_1_355' title='bbox 2454 3339 2691 3414; x_wconf 88' lang='lat' dir='ltr'><strong>etpost</strong></span> <span class='ocrx_word' id='word_1_356' title='bbox 2729 3331 3010 3394; x_wconf 86' lang='lat' dir='ltr'><strong>laborem</strong></span> <span class='ocrx_word' id='word_1_357' title='bbox 3052 3331 3118 3392; x_wconf 93' lang='lat' dir='ltr'><strong>in</strong></span> <span class='ocrx_word' id='word_1_358' title='bbox 3159 3349 3308 3411; x_wconf 83' lang='lat' dir='ltr'><strong>agro</strong></span> <span class='ocrx_word' id='word_1_359' title='bbox 3339 3330 3532 3393; x_wconf 91' lang='lat' dir='ltr'><strong>habet</strong></span> <span class='ocrx_word' id='word_1_360' title='bbox 3567 3330 3854 3393; x_wconf 90' lang='lat' dir='ltr'><strong>laborare</strong></span> <span class='ocrx_word' id='word_1_361' title='bbox 3887 3331 3953 3393; x_wconf 93' lang='lat' dir='ltr'><strong>in</strong></span> 
     </span>
    </p>

    <p class='ocr_par' dir='ltr' id='par_1_13' title="bbox 842 3428 3958 3514">
     <span class='ocr_line' id='line_1_53' title="bbox 842 3428 3958 3514; baseline -0.001 -20"><span class='ocrx_word' id='word_1_362' title='bbox 842 3440 1037 3514; x_wconf 89' lang='lat' dir='ltr'><strong>atque</strong></span> <span class='ocrx_word' id='word_1_363' title='bbox 1068 3428 1358 3512; x_wconf 73' lang='lat' dir='ltr'><strong>perfidias</strong></span> <span class='ocrx_word' id='word_1_364' title='bbox 1395 3428 1751 3511; x_wconf 89' lang='lat' dir='ltr'><strong>expulsiva.</strong></span> <span class='ocrx_word' id='word_1_365' title='bbox 1784 3431 2026 3491; x_wconf 84' lang='lat' dir='ltr'><strong>Dicetis</strong></span> <span class='ocrx_word' id='word_1_366' title='bbox 2054 3433 2211 3491; x_wconf 79' lang='lat' dir='ltr'><strong>huie</strong></span> <span class='ocrx_word' id='word_1_367' title='bbox 2238 3451 2347 3492; x_wconf 87' lang='lat' dir='ltr'><strong>ar-</strong></span> <span class='ocrx_word' id='word_1_368' title='bbox 2454 3430 2664 3506; x_wconf 92' lang='lat' dir='ltr'><strong>domo,</strong></span> <span class='ocrx_word' id='word_1_369' title='bbox 2701 3438 2770 3492; x_wconf 90' lang='lat' dir='ltr'><strong>ut</strong></span> <span class='ocrx_word' id='word_1_370' title='bbox 2818 3429 2900 3492; x_wconf 91' lang='lat' dir='ltr'><strong>sit</strong></span> <span class='ocrx_word' id='word_1_371' title='bbox 2945 3429 3199 3492; x_wconf 91' lang='lat' dir='ltr'><strong>assidue</strong></span> <span class='ocrx_word' id='word_1_372' title='bbox 3239 3429 3304 3491; x_wconf 91' lang='lat' dir='ltr'><strong>in</strong></span> <span class='ocrx_word' id='word_1_373' title='bbox 3352 3428 3590 3504; x_wconf 88' lang='lat' dir='ltr'><strong>labore,</strong></span> <span class='ocrx_word' id='word_1_374' title='bbox 3623 3447 3740 3491; x_wconf 91' lang='lat' dir='ltr'><strong>nec</strong></span> <span class='ocrx_word' id='word_1_375' title='bbox 3789 3429 3958 3492; x_wconf 90' lang='lat' dir='ltr'><strong>inso-</strong></span> 
     </span>
    </p>

    <p class='ocr_par' dir='ltr' id='par_1_14' title="bbox 844 3526 4180 3809">
     <span class='ocr_line' id='line_1_54' title="bbox 844 3526 4155 3609; baseline -0.002 -17"><span class='ocrx_word' id='word_1_376' title='bbox 844 3532 985 3592; x_wconf 85' lang='lat' dir='ltr'><strong>bori</strong></span> <span class='ocrx_word' id='word_1_377' title='bbox 1025 3548 1223 3600; x_wconf 84' lang='lat' dir='ltr'><strong>moro,</strong></span> <span class='ocrx_word' id='word_1_378' title='bbox 1256 3529 1620 3591; x_wconf 76' lang='lat' dir='ltr'><strong>Erudicare</strong></span> <span class='ocrx_word' id='word_1_379' title='bbox 1657 3538 1717 3590; x_wconf 85' lang='lat' dir='ltr'><strong>et</strong></span> <span class='ocrx_word' id='word_1_380' title='bbox 1758 3533 2242 3606; x_wconf 78' lang='lat' dir='ltr'><strong>transplantare</strong></span> <span class='ocrx_word' id='word_1_381' title='bbox 2270 3532 2344 3590; x_wconf 78' lang='lat' dir='ltr'><strong>in</strong></span> <span class='ocrx_word' id='word_1_382' title='bbox 2455 3529 2670 3604; x_wconf 90' lang='lat' dir='ltr'><strong>lescat,</strong></span> <span class='ocrx_word' id='word_1_383' title='bbox 2721 3528 2904 3609; x_wconf 85' lang='lat' dir='ltr'><strong>juxta</strong></span> <span class='ocrx_word' id='word_1_384' title='bbox 2953 3528 3017 3590; x_wconf 92' lang='lat' dir='ltr'><strong>id</strong></span> <span class='ocrx_word' id='word_1_385' title='bbox 3065 3527 3492 3591; x_wconf 88' lang='lat' dir='ltr'><strong>Ecclesiastici</strong></span> <span class='ocrx_word' id='word_1_386' title='bbox 3541 3546 3555 3590; x_wconf 91' lang='lat'>:</span> <span class='ocrx_word' id='word_1_387' title='bbox 3599 3526 3846 3590; x_wconf 89' lang='lat' dir='ltr'><strong>Cibaria</strong></span> <span class='ocrx_word' id='word_1_388' title='bbox 3893 3535 3956 3590; x_wconf 88' lang='lat' dir='ltr'><strong>et</strong></span> <span class='ocrx_word' id='word_1_389' title='bbox 4031 3549 4155 3592; x_wconf 62' lang='lat' dir='ltr'><strong>acces.</strong></span> 
     </span>
     <span class='ocr_line' id='line_1_55' title="bbox 844 3613 4176 3709; baseline -0.001 -18"><span class='ocrx_word' id='word_1_390' title='bbox 844 3651 1051 3701; x_wconf 85' lang='lat' dir='ltr'><strong>mare,</strong></span> <span class='ocrx_word' id='word_1_391' title='bbox 1080 3639 1139 3691; x_wconf 89' lang='lat' dir='ltr'><strong>et</strong></span> <span class='ocrx_word' id='word_1_392' title='bbox 1189 3630 1432 3691; x_wconf 78' lang='lat' dir='ltr'><strong>obediet</strong></span> <span class='ocrx_word' id='word_1_393' title='bbox 1480 3629 1680 3697; x_wconf 83' lang='lat' dir='ltr'><strong>vobis,</strong></span> <span class='ocrx_word' id='word_1_394' title='bbox 1710 3628 1832 3691; x_wconf 90' lang='lat' dir='ltr'><strong>hoc</strong></span> <span class='ocrx_word' id='word_1_395' title='bbox 1880 3635 1997 3703; x_wconf 91' lang='lat' dir='ltr'><strong>est,</strong></span> <span class='ocrx_word' id='word_1_396' title='bbox 2030 3631 2109 3692; x_wconf 90' lang='lat' dir='ltr'><strong>ad</strong></span> <span class='ocrx_word' id='word_1_397' title='bbox 2159 3631 2348 3695; x_wconf 88' lang='lat' dir='ltr'><strong>orati·</strong></span> <span class='ocrx_word' id='word_1_398' title='bbox 2458 3628 2634 3709; x_wconf 84' lang='lat' dir='ltr'><strong>virga</strong></span> <span class='ocrx_word' id='word_1_399' title='bbox 2671 3633 2733 3689; x_wconf 89' lang='lat' dir='ltr'><strong>et</strong></span> <span class='ocrx_word' id='word_1_400' title='bbox 2771 3645 2933 3690; x_wconf 91' lang='lat' dir='ltr'><strong>onus</strong></span> <span class='ocrx_word' id='word_1_401' title='bbox 2970 3627 3171 3702; x_wconf 91' lang='lat' dir='ltr'><strong>asino,</strong></span> <span class='ocrx_word' id='word_1_402' title='bbox 3207 3627 3390 3708; x_wconf 91' lang='lat' dir='ltr'><strong>panis</strong></span> <span class='ocrx_word' id='word_1_403' title='bbox 3429 3632 3491 3688; x_wconf 88' lang='lat' dir='ltr'><strong>et</strong></span> <span class='ocrx_word' id='word_1_404' title='bbox 3521 3626 3861 3709; x_wconf 90' lang='lat' dir='ltr'><strong>disciplina</strong></span> <span class='ocrx_word' id='word_1_405' title='bbox 3891 3634 3956 3688; x_wconf 89' lang='lat' dir='ltr'><strong>et</strong></span> <span class='ocrx_word' id='word_1_406' title='bbox 3981 3613 4176 3659; x_wconf 69' lang='lat'><strong>‘⁸¹¹⁸&#39;²⁵·</strong></span> 
     </span>
     <span class='ocr_line' id='line_1_56' title="bbox 846 3724 4180 3809; baseline -0.004 -15"><span class='ocrx_word' id='word_1_407' title='bbox 846 3746 1036 3794; x_wconf 90' lang='lat' dir='ltr'><strong>onem</strong></span> <span class='ocrx_word' id='word_1_408' title='bbox 1084 3745 1198 3790; x_wconf 90' lang='lat' dir='ltr'><strong>seu</strong></span> <span class='ocrx_word' id='word_1_409' title='bbox 1254 3725 1605 3807; x_wconf 90' lang='lat' dir='ltr'><strong>jussionem</strong></span> <span class='ocrx_word' id='word_1_410' title='bbox 1659 3733 1931 3790; x_wconf 89' lang='lat' dir='ltr'><strong>vestram</strong></span> <span class='ocrx_word' id='word_1_411' title='bbox 1986 3727 2177 3790; x_wconf 92' lang='lat' dir='ltr'><strong>arbor</strong></span> <span class='ocrx_word' id='word_1_412' title='bbox 2223 3729 2346 3790; x_wconf 88' lang='lat' dir='ltr'><strong>hu·</strong></span> <span class='ocrx_word' id='word_1_413' title='bbox 2455 3745 2616 3809; x_wconf 92' lang='lat' dir='ltr'><strong>opus</strong></span> <span class='ocrx_word' id='word_1_414' title='bbox 2677 3743 2907 3806; x_wconf 82' lang='lat' dir='ltr'><strong>servo3</strong></span> <span class='ocrx_word' id='word_1_415' title='bbox 2959 3726 3266 3808; x_wconf 90' lang='lat' dir='ltr'><strong>itemque,</strong></span> <span class='ocrx_word' id='word_1_416' title='bbox 3319 3724 3587 3788; x_wconf 89' lang='lat' dir='ltr'><strong>Servum</strong></span> <span class='ocrx_word' id='word_1_417' title='bbox 3644 3725 3958 3788; x_wconf 89' lang='lat' dir='ltr'><strong>inclinant</strong></span> <span class='ocrx_word' id='word_1_418' title='bbox 4007 3745 4180 3789; x_wconf 61' lang='lat' dir='ltr'><strong>nteit.</strong></span> 
     </span>
    </p>
   </div>
   <div class='ocr_carea' id='block_1_12' title="bbox 557 4241 804 4349">
    <p class='ocr_par' dir='ltr' id='par_1_15' title="bbox 557 4241 804 4349">
     <span class='ocr_line' id='line_1_57' title="bbox 594 4241 804 4284; baseline -0.01 0"><span class='ocrx_word' id='word_1_419' title='bbox 594 4241 744 4284; x_wconf 72' lang='lat' dir='ltr'><strong>Marc.</strong></span> <span class='ocrx_word' id='word_1_420' title='bbox 764 4253 804 4282; x_wconf 76' lang='lat' dir='ltr'><strong>ix</strong></span> 
     </span>
     <span class='ocr_line' id='line_1_58' title="bbox 557 4305 626 4349; baseline -0.043 0"><span class='ocrx_word' id='word_1_421' title='bbox 557 4305 626 4349; x_wconf 74' lang='lat'><strong>22.</strong></span> 
     </span>
    </p>
   </div>
   <div class='ocr_carea' id='block_1_13' title="bbox 556 4629 823 4806">
    <p class='ocr_par' dir='ltr' id='par_1_16' title="bbox 556 4629 823 4806">
     <span class='ocr_line' id='line_1_59' title="bbox 556 4629 823 4684; baseline 0 -10"><span class='ocrx_word' id='word_1_422' title='bbox 556 4629 725 4674; x_wconf 71' lang='lat' dir='ltr'><strong>uauh.</strong></span> <span class='ocrx_word' id='word_1_423' title='bbox 737 4643 823 4684; x_wconf 76' lang='lat' dir='ltr'><strong>xxi,</strong></span> 
     </span>
     <span class='ocr_line' id='line_1_60' title="bbox 559 4691 821 4744; baseline 0.004 -8"><span class='ocrx_word' id='word_1_424' title='bbox 559 4695 639 4744; x_wconf 74' lang='lat'><strong>2¹3</strong></span> <span class='ocrx_word' id='word_1_425' title='bbox 670 4691 821 4737; x_wconf 71' lang='lat' dir='ltr'><strong>Mare.</strong></span> 
     </span>
     <span class='ocr_line' id='line_1_61' title="bbox 558 4757 706 4806; baseline -0.007 -7"><span class='ocrx_word' id='word_1_426' title='bbox 558 4768 618 4806; x_wconf 77' lang='grc' dir='ltr'><strong>ιι,</strong></span> <span class='ocrx_word' id='word_1_427' title='bbox 639 4757 706 4799; x_wconf 77' lang='lat'><strong>2³.</strong></span> 
     </span>
    </p>
   </div>
   <div class='ocr_carea' id='block_1_14' title="bbox 843 3825 2350 4206">
    <p class='ocr_par' dir='ltr' id='par_1_17' title="bbox 843 3825 2350 4206">
     <span class='ocr_line' id='line_1_62' title="bbox 843 3825 2346 3910; baseline -0.001 -20"><span class='ocrx_word' id='word_1_428' title='bbox 843 3826 1125 3910; x_wconf 87' lang='lat' dir='ltr'><strong>jusmodi</strong></span> <span class='ocrx_word' id='word_1_429' title='bbox 1180 3825 1391 3890; x_wconf 90' lang='lat' dir='ltr'><strong>subito</strong></span> <span class='ocrx_word' id='word_1_430' title='bbox 1442 3826 1519 3888; x_wconf 88' lang='lat' dir='ltr'><strong>de</strong></span> <span class='ocrx_word' id='word_1_431' title='bbox 1566 3832 1737 3888; x_wconf 87' lang='lat' dir='ltr'><strong>terra</strong></span> <span class='ocrx_word' id='word_1_432' title='bbox 1784 3826 2116 3900; x_wconf 88' lang='lat' dir='ltr'><strong>evelletur,</strong></span> <span class='ocrx_word' id='word_1_433' title='bbox 2169 3833 2231 3888; x_wconf 91' lang='lat' dir='ltr'><strong>et</strong></span> <span class='ocrx_word' id='word_1_434' title='bbox 2279 3827 2346 3888; x_wconf 93' lang='lat' dir='ltr'><strong>in</strong></span> 
     </span>
     <span class='ocr_line' id='line_1_63' title="bbox 848 3924 2348 4007; baseline 0 -19"><span class='ocrx_word' id='word_1_435' title='bbox 848 3926 1009 3989; x_wconf 87' lang='lat' dir='ltr'><strong>mari</strong></span> <span class='ocrx_word' id='word_1_436' title='bbox 1060 3924 1451 4007; x_wconf 87' lang='lat' dir='ltr'><strong>plantabitur</strong></span> <span class='ocrx_word' id='word_1_437' title='bbox 1497 3942 1511 3987; x_wconf 75' lang='grc' dir='ltr'>ε</span> <span class='ocrx_word' id='word_1_438' title='bbox 1563 3943 1767 4005; x_wconf 90' lang='lat' dir='ltr'><strong>quum</strong></span> <span class='ocrx_word' id='word_1_439' title='bbox 1814 3924 1958 3986; x_wconf 86' lang='lat' dir='ltr'><strong>talis</strong></span> <span class='ocrx_word' id='word_1_440' title='bbox 2008 3925 2348 3989; x_wconf 86' lang='lat' dir='ltr'><strong>eradicatio</strong></span> 
     </span>
     <span class='ocr_line' id='line_1_64' title="bbox 850 4021 2350 4096; baseline -0.001 -9"><span class='ocrx_word' id='word_1_441' title='bbox 850 4023 1181 4088; x_wconf 90' lang='lat' dir='ltr'><strong>subitanea</strong></span> <span class='ocrx_word' id='word_1_442' title='bbox 1228 4023 1308 4085; x_wconf 88' lang='lat' dir='ltr'><strong>sit</strong></span> <span class='ocrx_word' id='word_1_443' title='bbox 1356 4021 1757 4096; x_wconf 89' lang='lat' dir='ltr'><strong>miraculosa,</strong></span> <span class='ocrx_word' id='word_1_444' title='bbox 1798 4030 1861 4084; x_wconf 91' lang='lat' dir='ltr'><strong>et</strong></span> <span class='ocrx_word' id='word_1_445' title='bbox 1908 4022 2350 4086; x_wconf 89' lang='lat' dir='ltr'><strong>miraculosior</strong></span> 
     </span>
     <span class='ocr_line' id='line_1_65' title="bbox 852 4119 2348 4206; baseline -0.001 -21"><span class='ocrx_word' id='word_1_446' title='bbox 852 4121 1157 4206; x_wconf 90' lang='lat' dir='ltr'><strong>plantatio</strong></span> <span class='ocrx_word' id='word_1_447' title='bbox 1186 4120 1429 4184; x_wconf 87' lang='lat' dir='ltr'><strong>arboris</strong></span> <span class='ocrx_word' id='word_1_448' title='bbox 1462 4120 1528 4182; x_wconf 92' lang='lat' dir='ltr'><strong>in</strong></span> <span class='ocrx_word' id='word_1_449' title='bbox 1566 4119 1772 4183; x_wconf 81' lang='lat' dir='ltr'><strong>fluido</strong></span> <span class='ocrx_word' id='word_1_450' title='bbox 1804 4121 1995 4182; x_wconf 89' lang='lat' dir='ltr'><strong>maris</strong></span> <span class='ocrx_word' id='word_1_451' title='bbox 2032 4121 2192 4185; x_wconf 90' lang='lat' dir='ltr'><strong>loco.</strong></span> <span class='ocrx_word' id='word_1_452' title='bbox 2228 4120 2348 4184; x_wconf 91' lang='lat' dir='ltr'><strong>Sed</strong></span> 
     </span>
    </p>
   </div>
   <div class='ocr_carea' id='block_1_15' title="bbox 2456 3824 3956 4201">
    <p class='ocr_par' dir='ltr' id='par_1_18' title="bbox 2456 3824 3956 4201">
     <span class='ocr_line' id='line_1_66' title="bbox 2456 3824 3956 3906; baseline -0.003 -18"><span class='ocrx_word' id='word_1_453' title='bbox 2456 3825 2855 3906; x_wconf 90' lang='lat' dir='ltr'><strong>operationes</strong></span> <span class='ocrx_word' id='word_1_454' title='bbox 2903 3824 3193 3887; x_wconf 82' lang='lat' dir='ltr'><strong>assiduae.</strong></span> <span class='ocrx_word' id='word_1_455' title='bbox 3227 3826 3342 3887; x_wconf 81' lang='lat' dir='ltr'><strong>Sic</strong></span> <span class='ocrx_word' id='word_1_456' title='bbox 3376 3833 3436 3884; x_wconf 87' lang='lat' dir='ltr'><strong>et</strong></span> <span class='ocrx_word' id='word_1_457' title='bbox 3479 3845 3586 3885; x_wconf 81' lang='lat' dir='ltr'><strong>vos</strong></span> <span class='ocrx_word' id='word_1_458' title='bbox 3623 3845 3824 3904; x_wconf 81' lang='lat' dir='ltr'><strong>quum</strong></span> <span class='ocrx_word' id='word_1_459' title='bbox 3859 3826 3956 3901; x_wconf 80' lang='lat' dir='ltr'><strong>fe-</strong></span> 
     </span>
     <span class='ocr_line' id='line_1_67' title="bbox 2456 3923 3956 4002; baseline 0 -18"><span class='ocrx_word' id='word_1_460' title='bbox 2456 3925 2674 3984; x_wconf 83' lang='lat' dir='ltr'><strong>ceritis</strong></span> <span class='ocrx_word' id='word_1_461' title='bbox 2722 3924 2944 3984; x_wconf 80' lang='lat' dir='ltr'><strong>omnia</strong></span> <span class='ocrx_word' id='word_1_462' title='bbox 2984 3944 3126 4001; x_wconf 82' lang='lat' dir='ltr'><strong>quoe</strong></span> <span class='ocrx_word' id='word_1_463' title='bbox 3156 3933 3480 4002; x_wconf 68' lang='lat' dir='ltr'><strong>praecepta</strong></span> <span class='ocrx_word' id='word_1_464' title='bbox 3516 3932 3668 3983; x_wconf 82' lang='lat' dir='ltr'><strong>sunt</strong></span> <span class='ocrx_word' id='word_1_465' title='bbox 3707 3923 3880 3982; x_wconf 81' lang='lat' dir='ltr'><strong>vobis</strong></span> <span class='ocrx_word' id='word_1_466' title='bbox 3917 3942 3956 3984; x_wconf 87' lang='lat' dir='ltr'><strong>a</strong></span> 
     </span>
     <span class='ocr_line' id='line_1_68' title="bbox 2457 4020 3956 4096; baseline -0.003 -12"><span class='ocrx_word' id='word_1_467' title='bbox 2457 4021 2604 4096; x_wconf 89' lang='lat' dir='ltr'><strong>Deo,</strong></span> <span class='ocrx_word' id='word_1_468' title='bbox 2655 4021 2734 4083; x_wconf 89' lang='lat' dir='ltr'><strong>ab</strong></span> <span class='ocrx_word' id='word_1_469' title='bbox 2785 4020 3089 4095; x_wconf 85' lang='lat' dir='ltr'><strong>Ecclesia,</strong></span> <span class='ocrx_word' id='word_1_470' title='bbox 3141 4040 3177 4083; x_wconf 91' lang='lat' dir='ltr'><strong>a</strong></span> <span class='ocrx_word' id='word_1_471' title='bbox 3227 4029 3394 4084; x_wconf 88' lang='lat' dir='ltr'><strong>recta</strong></span> <span class='ocrx_word' id='word_1_472' title='bbox 3443 4020 3708 4094; x_wconf 89' lang='lat' dir='ltr'><strong>ratione,</strong></span> <span class='ocrx_word' id='word_1_473' title='bbox 3757 4023 3956 4080; x_wconf 79' lang='lat' dir='ltr'><strong>dieite</strong></span> 
     </span>
     <span class='ocr_line' id='line_1_69' title="bbox 2459 4118 3956 4201; baseline -0.001 -19"><span class='ocrx_word' id='word_1_474' title='bbox 2459 4137 2536 4182; x_wconf 80' lang='lat' dir='ltr'><strong>ex</strong></span> <span class='ocrx_word' id='word_1_475' title='bbox 2566 4128 2697 4184; x_wconf 89' lang='lat' dir='ltr'><strong>toto</strong></span> <span class='ocrx_word' id='word_1_476' title='bbox 2727 4120 2916 4182; x_wconf 90' lang='lat' dir='ltr'><strong>corde</strong></span> <span class='ocrx_word' id='word_1_477' title='bbox 2946 4138 3093 4182; x_wconf 90' lang='lat' dir='ltr'><strong>cum</strong></span> <span class='ocrx_word' id='word_1_478' title='bbox 3135 4119 3322 4201; x_wconf 92' lang='lat' dir='ltr'><strong>plena</strong></span> <span class='ocrx_word' id='word_1_479' title='bbox 3360 4118 3724 4181; x_wconf 87' lang='lat' dir='ltr'><strong>humilitate</strong></span> <span class='ocrx_word' id='word_1_480' title='bbox 3755 4137 3772 4180; x_wconf 87' lang='lat'>:</span> <span class='ocrx_word' id='word_1_481' title='bbox 3803 4121 3956 4181; x_wconf 85' lang='lat' dir='ltr'><strong>Ser-</strong></span> 
     </span>
    </p>
   </div>
   <div class='ocr_carea' id='block_1_16' title="bbox 810 4216 3952 4301">
    <p class='ocr_par' dir='ltr' id='par_1_19' title="bbox 810 4216 3952 4301">
     <span class='ocr_line' id='line_1_70' title="bbox 810 4216 3952 4301; baseline -0.002 -16"><span class='ocrx_word' id='word_1_482' title='bbox 810 4219 1066 4292; x_wconf 88' lang='lat' dir='ltr'><strong>,omnia</strong></span> <span class='ocrx_word' id='word_1_483' title='bbox 1116 4217 1447 4301; x_wconf 88' lang='lat' dir='ltr'><strong>possibilia</strong></span> <span class='ocrx_word' id='word_1_484' title='bbox 1496 4225 1647 4280; x_wconf 87' lang='lat' dir='ltr'><strong>sunt</strong></span> <span class='ocrx_word' id='word_1_485' title='bbox 1693 4219 1997 4294; x_wconf 88' lang='lat' dir='ltr'><strong>credenti,</strong></span> <span class='ocrx_word' id='word_1_486' title='bbox 2050 4219 2204 4300; x_wconf 89' lang='lat' dir='ltr'><strong>quia</strong></span> <span class='ocrx_word' id='word_1_487' title='bbox 2250 4219 2346 4281; x_wconf 90' lang='lat' dir='ltr'><strong>di·</strong></span> <span class='ocrx_word' id='word_1_488' title='bbox 2377 4221 2428 4285; x_wconf 92' lang='lat' dir='ltr'>D</span> <span class='ocrx_word' id='word_1_489' title='bbox 2459 4221 2528 4280; x_wconf 86' lang='lat' dir='ltr'><strong>vi</strong></span> <span class='ocrx_word' id='word_1_490' title='bbox 2557 4220 2826 4279; x_wconf 80' lang='lat' dir='ltr'><strong>inutiles</strong></span> <span class='ocrx_word' id='word_1_491' title='bbox 2853 4239 3102 4286; x_wconf 77' lang='lat' dir='ltr'><strong>sumus,</strong></span> <span class='ocrx_word' id='word_1_492' title='bbox 3133 4217 3198 4279; x_wconf 94' lang='lat' dir='ltr'><strong>id</strong></span> <span class='ocrx_word' id='word_1_493' title='bbox 3241 4225 3364 4293; x_wconf 77' lang='lat' dir='ltr'><strong>est,</strong></span> <span class='ocrx_word' id='word_1_494' title='bbox 3392 4223 3606 4280; x_wconf 89' lang='lat' dir='ltr'><strong>nostra</strong></span> <span class='ocrx_word' id='word_1_495' title='bbox 3649 4216 3952 4279; x_wconf 84' lang='lat' dir='ltr'><strong>servitute</strong></span> 
     </span>
    </p>
   </div>
   <div class='ocr_carea' id='block_1_17' title="bbox 850 4315 2348 5380">
    <p class='ocr_par' dir='ltr' id='par_1_20' title="bbox 850 4315 2348 5380">
     <span class='ocr_line' id='line_1_71' title="bbox 851 4315 2348 4400; baseline -0.003 -17"><span class='ocrx_word' id='word_1_496' title='bbox 851 4319 1002 4384; x_wconf 86' lang='lat' dir='ltr'><strong>vina</strong></span> <span class='ocrx_word' id='word_1_497' title='bbox 1036 4317 1271 4381; x_wconf 87' lang='lat' dir='ltr'><strong>virtute</strong></span> <span class='ocrx_word' id='word_1_498' title='bbox 1307 4315 1477 4378; x_wconf 85' lang='lat' dir='ltr'><strong>fiunt</strong></span> <span class='ocrx_word' id='word_1_499' title='bbox 1516 4315 1909 4396; x_wconf 83' lang='lat' dir='ltr'><strong>hujusmodi,</strong></span> <span class='ocrx_word' id='word_1_500' title='bbox 1942 4325 2007 4378; x_wconf 88' lang='lat' dir='ltr'><strong>et</strong></span> <span class='ocrx_word' id='word_1_501' title='bbox 2042 4315 2348 4400; x_wconf 85' lang='lat' dir='ltr'><strong>frequen-</strong></span> 
     </span>
     <span class='ocr_line' id='line_1_72' title="bbox 850 4413 2347 4498; baseline 0.001 -18"><span class='ocrx_word' id='word_1_502' title='bbox 850 4425 949 4480; x_wconf 89' lang='lat' dir='ltr'><strong>ter</strong></span> <span class='ocrx_word' id='word_1_503' title='bbox 985 4415 1271 4498; x_wconf 86' lang='lat' dir='ltr'><strong>angelico</strong></span> <span class='ocrx_word' id='word_1_504' title='bbox 1307 4414 1685 4478; x_wconf 89' lang='lat' dir='ltr'><strong>ministerio.</strong></span> <span class='ocrx_word' id='word_1_505' title='bbox 1719 4413 1909 4478; x_wconf 89' lang='lat' dir='ltr'><strong>Porro</strong></span> <span class='ocrx_word' id='word_1_506' title='bbox 1950 4416 2014 4477; x_wconf 90' lang='lat' dir='ltr'><strong>in</strong></span> <span class='ocrx_word' id='word_1_507' title='bbox 2060 4415 2347 4482; x_wconf 78' lang='lat' dir='ltr'><strong>Matthaeo</strong></span> 
     </span>
     <span class='ocr_line' id='line_1_73' title="bbox 852 4511 2340 4595; baseline 0 -17"><span class='ocrx_word' id='word_1_508' title='bbox 852 4523 915 4578; x_wconf 88' lang='lat' dir='ltr'><strong>et</strong></span> <span class='ocrx_word' id='word_1_509' title='bbox 941 4514 1145 4578; x_wconf 85' lang='lat' dir='ltr'><strong>Marco</strong></span> <span class='ocrx_word' id='word_1_510' title='bbox 1175 4513 1459 4578; x_wconf 90' lang='lat' dir='ltr'><strong>Christus</strong></span> <span class='ocrx_word' id='word_1_511' title='bbox 1498 4511 1943 4595; x_wconf 72' lang='lat' dir='ltr'><strong>exemplificat.</strong></span> <span class='ocrx_word' id='word_1_512' title='bbox 1968 4514 2045 4576; x_wconf 89' lang='lat' dir='ltr'><strong>de</strong></span> <span class='ocrx_word' id='word_1_513' title='bbox 2078 4523 2293 4578; x_wconf 88' lang='lat' dir='ltr'><strong>monte</strong></span> <span class='ocrx_word' id='word_1_514' title='bbox 2326 4533 2340 4578; x_wconf 91' lang='lat'>:</span> 
     </span>
     <span class='ocr_line' id='line_1_74' title="bbox 850 4611 2348 4694; baseline 0 -18"><span class='ocrx_word' id='word_1_515' title='bbox 850 4612 1084 4676; x_wconf 89' lang='lat' dir='ltr'><strong>Dicetis</strong></span> <span class='ocrx_word' id='word_1_516' title='bbox 1119 4611 1478 4694; x_wconf 90' lang='lat' dir='ltr'><strong>(inquiens)</strong></span> <span class='ocrx_word' id='word_1_517' title='bbox 1516 4611 1667 4674; x_wconf 91' lang='lat' dir='ltr'><strong>huic</strong></span> <span class='ocrx_word' id='word_1_518' title='bbox 1715 4612 1938 4686; x_wconf 90' lang='lat' dir='ltr'><strong>monti,</strong></span> <span class='ocrx_word' id='word_1_519' title='bbox 1982 4611 2250 4688; x_wconf 88' lang='lat' dir='ltr'><strong>Tollere,</strong></span> <span class='ocrx_word' id='word_1_520' title='bbox 2284 4621 2348 4676; x_wconf 89' lang='lat' dir='ltr'><strong>et</strong></span> 
     </span>
     <span class='ocr_line' id='line_1_75' title="bbox 852 4709 2346 4792; baseline -0.001 -17"><span class='ocrx_word' id='word_1_521' title='bbox 852 4711 1034 4775; x_wconf 89' lang='lat' dir='ltr'><strong>mitte</strong></span> <span class='ocrx_word' id='word_1_522' title='bbox 1080 4719 1144 4774; x_wconf 89' lang='lat' dir='ltr'><strong>te</strong></span> <span class='ocrx_word' id='word_1_523' title='bbox 1190 4711 1258 4772; x_wconf 91' lang='lat' dir='ltr'><strong>in</strong></span> <span class='ocrx_word' id='word_1_524' title='bbox 1301 4728 1497 4772; x_wconf 88' lang='lat' dir='ltr'><strong>mare.</strong></span> <span class='ocrx_word' id='word_1_525' title='bbox 1542 4709 1926 4792; x_wconf 89' lang='lat' dir='ltr'><strong>Certumque</strong></span> <span class='ocrx_word' id='word_1_526' title='bbox 1973 4719 2069 4773; x_wconf 90' lang='lat' dir='ltr'><strong>est</strong></span> <span class='ocrx_word' id='word_1_527' title='bbox 2113 4711 2346 4774; x_wconf 89' lang='lat' dir='ltr'><strong>beatis-</strong></span> 
     </span>
     <span class='ocr_line' id='line_1_76' title="bbox 852 4804 2344 4888; baseline -0.001 -18"><span class='ocrx_word' id='word_1_528' title='bbox 852 4807 1047 4871; x_wconf 90' lang='lat' dir='ltr'><strong>simos</strong></span> <span class='ocrx_word' id='word_1_529' title='bbox 1095 4804 1427 4888; x_wconf 90' lang='lat' dir='ltr'><strong>Apostolos</strong></span> <span class='ocrx_word' id='word_1_530' title='bbox 1475 4812 1538 4868; x_wconf 89' lang='lat' dir='ltr'><strong>ct</strong></span> <span class='ocrx_word' id='word_1_531' title='bbox 1583 4805 1741 4868; x_wconf 89' lang='lat' dir='ltr'><strong>alios</strong></span> <span class='ocrx_word' id='word_1_532' title='bbox 1797 4806 2030 4868; x_wconf 92' lang='lat' dir='ltr'><strong>multos</strong></span> <span class='ocrx_word' id='word_1_533' title='bbox 2084 4805 2344 4870; x_wconf 89' lang='lat' dir='ltr'><strong>Sanctos</strong></span> 
     </span>
     <span class='ocr_line' id='line_1_77' title="bbox 852 4902 2345 4986; baseline 0 -18"><span class='ocrx_word' id='word_1_534' title='bbox 852 4905 1035 4968; x_wconf 88' lang='lat' dir='ltr'><strong>valde</strong></span> <span class='ocrx_word' id='word_1_535' title='bbox 1092 4902 1485 4967; x_wconf 85' lang='lat' dir='ltr'><strong>mirabiliora</strong></span> <span class='ocrx_word' id='word_1_536' title='bbox 1538 4913 1603 4966; x_wconf 88' lang='lat' dir='ltr'><strong>et</strong></span> <span class='ocrx_word' id='word_1_537' title='bbox 1657 4903 2054 4986; x_wconf 56' lang='lat' dir='ltr'><strong>praeclariora</strong></span> <span class='ocrx_word' id='word_1_538' title='bbox 2114 4904 2345 4968; x_wconf 86' lang='lat' dir='ltr'><strong>fecisse</strong></span> 
     </span>
     <span class='ocr_line' id='line_1_78' title="bbox 851 5001 2346 5085; baseline -0.001 -18"><span class='ocrx_word' id='word_1_539' title='bbox 851 5004 1388 5084; x_wconf 89' lang='lat' dir='ltr'><strong>miracula,quam</strong></span> <span class='ocrx_word' id='word_1_540' title='bbox 1420 5001 1550 5064; x_wconf 91' lang='lat' dir='ltr'><strong>sint</strong></span> <span class='ocrx_word' id='word_1_541' title='bbox 1578 5001 1709 5065; x_wconf 88' lang='lat' dir='ltr'><strong>ista.</strong></span> <span class='ocrx_word' id='word_1_542' title='bbox 1738 5001 1814 5064; x_wconf 86' lang='lat' dir='ltr'><strong>Et</strong></span> <span class='ocrx_word' id='word_1_543' title='bbox 1842 5004 2145 5085; x_wconf 90' lang='lat' dir='ltr'><strong>quoniam</strong></span> <span class='ocrx_word' id='word_1_544' title='bbox 2177 5004 2346 5068; x_wconf 92' lang='lat' dir='ltr'><strong>Chri-</strong></span> 
     </span>
     <span class='ocr_line' id='line_1_79' title="bbox 852 5100 2344 5186; baseline 0.001 -22"><span class='ocrx_word' id='word_1_545' title='bbox 852 5109 987 5164; x_wconf 86' lang='lat' dir='ltr'><strong>stus</strong></span> <span class='ocrx_word' id='word_1_546' title='bbox 1032 5102 1141 5177; x_wconf 90' lang='lat' dir='ltr'><strong>ait,</strong></span> <span class='ocrx_word' id='word_1_547' title='bbox 1175 5100 1403 5164; x_wconf 88' lang='lat' dir='ltr'><strong>Dicetis</strong></span> <span class='ocrx_word' id='word_1_548' title='bbox 1453 5100 1603 5163; x_wconf 91' lang='lat' dir='ltr'><strong>huic</strong></span> <span class='ocrx_word' id='word_1_549' title='bbox 1652 5100 1885 5176; x_wconf 88' lang='lat' dir='ltr'><strong>arbori,</strong></span> <span class='ocrx_word' id='word_1_550' title='bbox 1920 5102 2181 5184; x_wconf 89' lang='lat' dir='ltr'><strong>quidam</strong></span> <span class='ocrx_word' id='word_1_551' title='bbox 2226 5123 2344 5186; x_wconf 90' lang='lat' dir='ltr'><strong>pu-</strong></span> 
     </span>
     <span class='ocr_line' id='line_1_80' title="bbox 852 5199 2342 5282; baseline 0.001 -19"><span class='ocrx_word' id='word_1_552' title='bbox 852 5208 986 5264; x_wconf 85' lang='lat' dir='ltr'><strong>tant</strong></span> <span class='ocrx_word' id='word_1_553' title='bbox 1038 5201 1210 5282; x_wconf 90' lang='lat' dir='ltr'><strong>quod</strong></span> <span class='ocrx_word' id='word_1_554' title='bbox 1265 5201 1519 5282; x_wconf 86' lang='lat' dir='ltr'><strong>quando</strong></span> <span class='ocrx_word' id='word_1_555' title='bbox 1584 5199 1719 5263; x_wconf 80' lang='lat' dir='ltr'><strong>haec</strong></span> <span class='ocrx_word' id='word_1_556' title='bbox 1774 5200 1955 5277; x_wconf 86' lang='lat' dir='ltr'><strong>dixit,</strong></span> <span class='ocrx_word' id='word_1_557' title='bbox 2018 5219 2218 5282; x_wconf 90' lang='lat' dir='ltr'><strong>prope</strong></span> <span class='ocrx_word' id='word_1_558' title='bbox 2275 5221 2342 5266; x_wconf 90' lang='lat' dir='ltr'><strong>se</strong></span> 
     </span>
     <span class='ocr_line' id='line_1_81' title="bbox 852 5298 1779 5380; baseline -0.002 -19"><span class='ocrx_word' id='word_1_559' title='bbox 852 5298 1219 5380; x_wconf 87' lang='lat' dir='ltr'><strong>hujusmodi</strong></span> <span class='ocrx_word' id='word_1_560' title='bbox 1262 5298 1550 5362; x_wconf 87' lang='lat' dir='ltr'><strong>arborem</strong></span> <span class='ocrx_word' id='word_1_561' title='bbox 1597 5298 1779 5361; x_wconf 88' lang='lat' dir='ltr'><strong>vidit.</strong></span> 
     </span>
    </p>
   </div>
   <div class='ocr_carea' id='block_1_18' title="bbox 2461 4314 3956 4396">
    <p class='ocr_par' dir='ltr' id='par_1_21' title="bbox 2461 4314 3956 4396">
     <span class='ocr_line' id='line_1_82' title="bbox 2461 4314 3956 4396; baseline -0.001 -18"><span class='ocrx_word' id='word_1_562' title='bbox 2461 4316 2617 4378; x_wconf 90' lang='lat' dir='ltr'><strong>nihil</strong></span> <span class='ocrx_word' id='word_1_563' title='bbox 2673 4315 2963 4378; x_wconf 89' lang='lat' dir='ltr'><strong>utilitatis</strong></span> <span class='ocrx_word' id='word_1_564' title='bbox 3013 4324 3122 4376; x_wconf 88' lang='lat' dir='ltr'><strong>aut</strong></span> <span class='ocrx_word' id='word_1_565' title='bbox 3170 4314 3578 4396; x_wconf 79' lang='lat' dir='ltr'><strong>perfectionis</strong></span> <span class='ocrx_word' id='word_1_566' title='bbox 3625 4314 3750 4378; x_wconf 90' lang='lat' dir='ltr'><strong>Deo</strong></span> <span class='ocrx_word' id='word_1_567' title='bbox 3797 4322 3956 4377; x_wconf 89' lang='lat' dir='ltr'><strong>attu-</strong></span> 
     </span>
    </p>
   </div>
   <div class='ocr_carea' id='block_1_19' title="bbox 2457 4414 4196 4694">
    <p class='ocr_par' dir='ltr' id='par_1_22' title="bbox 2457 4414 4196 4694">
     <span class='ocr_line' id='line_1_83' title="bbox 2457 4414 4186 4497; baseline -0.005 -20"><span class='ocrx_word' id='word_1_568' title='bbox 2457 4415 2674 4490; x_wconf 80' lang='lat' dir='ltr'><strong>limuS‚</strong></span> <span class='ocrx_word' id='word_1_569' title='bbox 2708 4414 2820 4497; x_wconf 94' lang='lat' dir='ltr'><strong>qui</strong></span> <span class='ocrx_word' id='word_1_570' title='bbox 2865 4415 3181 4478; x_wconf 88' lang='lat' dir='ltr'><strong>bonorum</strong></span> <span class='ocrx_word' id='word_1_571' title='bbox 3221 4421 3581 4476; x_wconf 87' lang='lat' dir='ltr'><strong>nostrorum</strong></span> <span class='ocrx_word' id='word_1_572' title='bbox 3623 4432 3747 4476; x_wconf 91' lang='lat' dir='ltr'><strong>non</strong></span> <span class='ocrx_word' id='word_1_573' title='bbox 3789 4421 3948 4494; x_wconf 84' lang='lat' dir='ltr'><strong>eget.</strong></span> <span class='ocrx_word' id='word_1_574' title='bbox 3995 4430 4186 4477; x_wconf 49' lang='grc' dir='ltr'><strong>ινιιηε.</strong></span> 
     </span>
     <span class='ocr_line' id='line_1_84' title="bbox 2457 4509 4196 4594; baseline -0.004 -19"><span class='ocrx_word' id='word_1_575' title='bbox 2457 4513 2632 4576; x_wconf 91' lang='lat' dir='ltr'><strong>Unde</strong></span> <span class='ocrx_word' id='word_1_576' title='bbox 2679 4521 2742 4574; x_wconf 92' lang='lat' dir='ltr'><strong>et</strong></span> <span class='ocrx_word' id='word_1_577' title='bbox 2789 4513 2855 4575; x_wconf 89' lang='lat' dir='ltr'><strong>in</strong></span> <span class='ocrx_word' id='word_1_578' title='bbox 2901 4513 3014 4576; x_wconf 87' lang='lat' dir='ltr'><strong>Job</strong></span> <span class='ocrx_word' id='word_1_579' title='bbox 3062 4512 3334 4575; x_wconf 89' lang='lat' dir='ltr'><strong>habetur</strong></span> <span class='ocrx_word' id='word_1_580' title='bbox 3385 4530 3399 4574; x_wconf 92' lang='lat'><strong>:</strong></span> <span class='ocrx_word' id='word_1_581' title='bbox 3450 4509 3512 4573; x_wconf 90' lang='lat' dir='ltr'><strong>Si</strong></span> <span class='ocrx_word' id='word_1_582' title='bbox 3565 4511 3947 4594; x_wconf 88' lang='lat' dir='ltr'><strong>peccaveris,</strong></span> <span class='ocrx_word' id='word_1_583' title='bbox 4011 4531 4087 4574; x_wconf 68' lang='lat'><strong>10⁶</strong></span> <span class='ocrx_word' id='word_1_584' title='bbox 4103 4540 4196 4570; x_wconf 61' lang='lat' dir='ltr'><strong>mv.</strong></span> 
     </span>
     <span class='ocr_line' id='line_1_85' title="bbox 2457 4597 4074 4694; baseline -0.002 -20"><span class='ocrx_word' id='word_1_585' title='bbox 2457 4611 2614 4694; x_wconf 91' lang='lat' dir='ltr'><strong>quid</strong></span> <span class='ocrx_word' id='word_1_586' title='bbox 2659 4610 2717 4672; x_wconf 90' lang='lat' dir='ltr'><strong>ei</strong></span> <span class='ocrx_word' id='word_1_587' title='bbox 2768 4610 3070 4674; x_wconf 68' lang='lat' dir='ltr'><strong>nocebis?</strong></span> <span class='ocrx_word' id='word_1_588' title='bbox 3103 4617 3168 4672; x_wconf 88' lang='lat' dir='ltr'><strong>et</strong></span> <span class='ocrx_word' id='word_1_589' title='bbox 3204 4611 3255 4672; x_wconf 89' lang='lat' dir='ltr'><strong>si</strong></span> <span class='ocrx_word' id='word_1_590' title='bbox 3298 4609 3470 4690; x_wconf 87' lang='lat' dir='ltr'><strong>juste</strong></span> <span class='ocrx_word' id='word_1_591' title='bbox 3515 4610 3743 4690; x_wconf 81' lang='lat' dir='ltr'><strong>egeriS,</strong></span> <span class='ocrx_word' id='word_1_592' title='bbox 3793 4609 3950 4690; x_wconf 90' lang='lat' dir='ltr'><strong>quid</strong></span> <span class='ocrx_word' id='word_1_593' title='bbox 3977 4597 4074 4647; x_wconf 75' lang='lat'><strong>⁶³⁷·</strong></span> 
     </span>
    </p>
   </div>
   <div class='ocr_carea' id='block_1_20' title="bbox 2451 4708 3954 5382">
    <p class='ocr_par' dir='ltr' id='par_1_23' title="bbox 2456 4708 3953 4889">
     <span class='ocr_line' id='line_1_86' title="bbox 2456 4708 3953 4789; baseline -0.003 -17"><span class='ocrx_word' id='word_1_594' title='bbox 2456 4710 2516 4772; x_wconf 89' lang='lat' dir='ltr'><strong>ei</strong></span> <span class='ocrx_word' id='word_1_595' title='bbox 2564 4708 2875 4772; x_wconf 73' lang='lat' dir='ltr'><strong>donabis?</strong></span> <span class='ocrx_word' id='word_1_596' title='bbox 2915 4711 3098 4778; x_wconf 82' lang='lat' dir='ltr'><strong>Quod</strong></span> <span class='ocrx_word' id='word_1_597' title='bbox 3144 4711 3484 4770; x_wconf 83' lang='lat' dir='ltr'><strong>debuimus</strong></span> <span class='ocrx_word' id='word_1_598' title='bbox 3520 4712 3756 4789; x_wconf 86' lang='lat' dir='ltr'><strong>facere,</strong></span> <span class='ocrx_word' id='word_1_599' title='bbox 3795 4709 3953 4785; x_wconf 79' lang='lat' dir='ltr'><strong>feci-</strong></span> 
     </span>
     <span class='ocr_line' id='line_1_87' title="bbox 2457 4807 3373 4889; baseline -0.003 -19"><span class='ocrx_word' id='word_1_600' title='bbox 2457 4829 2626 4880; x_wconf 71' lang='lat' dir='ltr'><strong>muS,</strong></span> <span class='ocrx_word' id='word_1_601' title='bbox 2669 4807 2997 4889; x_wconf 91' lang='lat' dir='ltr'><strong>implendo</strong></span> <span class='ocrx_word' id='word_1_602' title='bbox 3037 4815 3373 4889; x_wconf 65' lang='lat' dir='ltr'><strong>praecepta.</strong></span> 
     </span>
    </p>

    <p class='ocr_par' dir='ltr' id='par_1_24' title="bbox 2451 4904 3954 5382">
     <span class='ocr_line' id='line_1_88' title="bbox 2535 4904 3952 4980; baseline 0 -12"><span class='ocrx_word' id='word_1_603' title='bbox 2535 4907 2663 4970; x_wconf 86' lang='lat' dir='ltr'><strong>Hoc</strong></span> <span class='ocrx_word' id='word_1_604' title='bbox 2695 4905 3063 4969; x_wconf 91' lang='lat' dir='ltr'><strong>beatissimo</strong></span> <span class='ocrx_word' id='word_1_605' title='bbox 3094 4907 3495 4980; x_wconf 90' lang='lat' dir='ltr'><strong>documento,</strong></span> <span class='ocrx_word' id='word_1_606' title='bbox 3530 4904 3738 4968; x_wconf 75' lang='lat' dir='ltr'><strong>aufert</strong></span> <span class='ocrx_word' id='word_1_607' title='bbox 3773 4925 3812 4968; x_wconf 91' lang='lat' dir='ltr'><strong>a</strong></span> <span class='ocrx_word' id='word_1_608' title='bbox 3842 4924 3952 4968; x_wconf 90' lang='lat' dir='ltr'><strong>no-</strong></span> 
     </span>
     <span class='ocr_line' id='line_1_89' title="bbox 2453 5004 3954 5088; baseline 0 -20"><span class='ocrx_word' id='word_1_609' title='bbox 2453 5006 2553 5069; x_wconf 90' lang='lat' dir='ltr'><strong>bis</strong></span> <span class='ocrx_word' id='word_1_610' title='bbox 2611 5007 2890 5068; x_wconf 89' lang='lat' dir='ltr'><strong>increata</strong></span> <span class='ocrx_word' id='word_1_611' title='bbox 2936 5004 3257 5088; x_wconf 87' lang='lat' dir='ltr'><strong>Sapientia</strong></span> <span class='ocrx_word' id='word_1_612' title='bbox 3302 5004 3410 5067; x_wconf 90' lang='lat' dir='ltr'><strong>Dei</strong></span> <span class='ocrx_word' id='word_1_613' title='bbox 3469 5023 3726 5068; x_wconf 89' lang='lat' dir='ltr'><strong>omnem</strong></span> <span class='ocrx_word' id='word_1_614' title='bbox 3773 5024 3954 5068; x_wconf 83' lang='lat' dir='ltr'><strong>vanae</strong></span> 
     </span>
     <span class='ocr_line' id='line_1_90' title="bbox 2451 5103 3954 5186; baseline -0.001 -18"><span class='ocrx_word' id='word_1_615' title='bbox 2451 5103 2870 5186; x_wconf 89' lang='lat' dir='ltr'><strong>gloriationis,</strong></span> <span class='ocrx_word' id='word_1_616' title='bbox 2908 5103 3426 5186; x_wconf 85' lang='lat' dir='ltr'><strong>praesumptionis</strong></span> <span class='ocrx_word' id='word_1_617' title='bbox 3463 5122 3537 5166; x_wconf 91' lang='lat' dir='ltr'><strong>ac</strong></span> <span class='ocrx_word' id='word_1_618' title='bbox 3567 5121 3818 5186; x_wconf 64' lang='lat' dir='ltr'><strong>pompae</strong></span> <span class='ocrx_word' id='word_1_619' title='bbox 3845 5121 3954 5166; x_wconf 88' lang='lat' dir='ltr'><strong>oc·</strong></span> 
     </span>
     <span class='ocr_line' id='line_1_91' title="bbox 2453 5201 3949 5278; baseline -0.003 -12"><span class='ocrx_word' id='word_1_620' title='bbox 2453 5203 2795 5277; x_wconf 86' lang='lat' dir='ltr'><strong>casionem,</strong></span> <span class='ocrx_word' id='word_1_621' title='bbox 2831 5220 3106 5278; x_wconf 87' lang='lat' dir='ltr'><strong>causam,</strong></span> <span class='ocrx_word' id='word_1_622' title='bbox 3151 5201 3502 5264; x_wconf 88' lang='lat' dir='ltr'><strong>materiam.</strong></span> <span class='ocrx_word' id='word_1_623' title='bbox 3545 5201 3608 5264; x_wconf 91' lang='lat' dir='ltr'><strong>Si</strong></span> <span class='ocrx_word' id='word_1_624' title='bbox 3657 5201 3828 5264; x_wconf 90' lang='lat' dir='ltr'><strong>enim</strong></span> <span class='ocrx_word' id='word_1_625' title='bbox 3879 5201 3949 5263; x_wconf 94' lang='lat' dir='ltr'><strong>hi</strong></span> 
     </span>
     <span class='ocr_line' id='line_1_92' title="bbox 2455 5299 3949 5382; baseline -0.001 -19"><span class='ocrx_word' id='word_1_626' title='bbox 2455 5319 2523 5364; x_wconf 89' lang='lat' dir='ltr'><strong>se</strong></span> <span class='ocrx_word' id='word_1_627' title='bbox 2581 5319 2795 5366; x_wconf 88' lang='lat' dir='ltr'><strong>servos</strong></span> <span class='ocrx_word' id='word_1_628' title='bbox 2854 5300 3114 5363; x_wconf 87' lang='lat' dir='ltr'><strong>inutiles</strong></span> <span class='ocrx_word' id='word_1_629' title='bbox 3172 5308 3468 5382; x_wconf 82' lang='lat' dir='ltr'><strong>reputare</strong></span> <span class='ocrx_word' id='word_1_630' title='bbox 3523 5300 3775 5375; x_wconf 89' lang='lat' dir='ltr'><strong>debent,</strong></span> <span class='ocrx_word' id='word_1_631' title='bbox 3831 5299 3949 5382; x_wconf 90' lang='lat' dir='ltr'><strong>qui</strong></span> 
     </span>
    </p>
   </div>
  </div>
 </body>
</html>
