4300 6259
845 471 964 538 146

1638 491 1985 540 mamutio
2027 490 2092 536 m
2131 489 2272 538 CAP.
2318 489 2470 537 XVIII
2510 489 2699 538 LucAE.
2746 510 2827 522 —
2866 492 3009 540 ΛΒΤ.
3056 493 3155 540 xu

843 662 1022 724 ribus
1061 662 1260 744 magis
1297 682 1492 745 quam
1534 663 1752 744 gratiae
1787 662 1896 726 Dei
1939 662 2332 725 adscribunt.
2368 661 2416 726 A
2527 663 2904 726 Pharisaeus
2950 673 3130 726 stans
3168 685 3192 725 .·
3216 683 3433 746 quum
3481 671 3693 727 tamen
3740 663 3937 745 magis
4072 674 4129 728 Η

561 779 810 830 aom.x,a.
845 760 929 823 De
977 761 1214 842 quibus
1259 762 1348 824 ait
1393 762 1778 844 Apostolus:
1813 762 2176 843 Ignorantes
2225 761 2335 823 Dei

838 859 1173 941 justitiam,
1207 867 1273 922 et
1307 879 1487 922 suam
1516 867 1872 942 quaerentes
1907 867 2205 934 statuere,
2236 858 2337 939 ju-

841 959 1029 1022 stitiae
1065 958 1174 1022 Dei
1214 978 1342 1023 non
1391 967 1543 1022 sunt
1579 957 1874 1039 subjecti.
1909 957 2136 1022 Contra
2172 977 2335 1040 quos

548 1075 808 1125 {cnr-..vm
842 1057 1072 1120 iterum
1102 1057 1484 1122 vociferatur
1519 1076 1532 1120 :
1567 1057 1726 1131 Quid
1766 1057 1961 1120 habes
2001 1057 2172 1139 quod
2208 1076 2333 1121 non

838 1157 1184 1238 accepisti?
1233 1156 1296 1219 Si
1350 1166 1562 1219 autem
1620 1156 1943 1238 accepisti,
1995 1156 2152 1237 quid
2198 1154 2335 1237 glo·

841 1256 1024 1318 riaris
1072 1255 1256 1337 quasi
1305 1273 1432 1318 non
1486 1255 1853 1336 acceperisi
1897 1258 1984 1316 Et
2031 1273 2337 1332 asperna-

839 1357 1076 1416 bantur
1109 1365 1339 1416 ceteros
1376 1360 1679 1434 tanquam
1731 1352 2002 1433 injustos
2044 1359 2110 1414 et
2149 1352 2330 1427 viles»,

838 1472 1040 1534 quum
1087 1460 1299 1514 tamen
1347 1451 1472 1533 ipsi
1512 1451 1645 1514 sola
1691 1470 1806 1513 sua
1847 1450 2152 1532 superbia
2190 1449 2333 1512 aliis

837 1559 1049 1613 essent
1105 1550 1362 1636 viliores
1415 1568 1429 1612 ε
1481 1548 1787 1630 quoniam
1845 1549 1978 1612 sola
2032 1548 2336 1631 superbia

836 1649 1106 1711 destruit
1149 1649 1385 1722 omnia,
1419 1647 1471 1710 si
1513 1646 1870 1710 comitetur.
1906 1646 2195 1728 Denique
2240 1646 2337 1728 ip-

836 1766 906 1809 sa
953 1765 1174 1811 eorum
1227 1746 1587 1829 aspernatio
1641 1745 1919 1810 ostendit
1964 1746 2135 1826 quod
2188 1762 2335 1809 vere

2448 760 2773 824 debuisset
2803 779 2871 824 se
2900 763 2965 824 in
3001 770 3233 825 terram
3275 770 3675 845 prosternere
3704 781 3813 826 seu
3840 780 3943 843 ge-

2448 877 2576 920 nua
2604 858 2887 936 flectere,
2919 861 2996 923 ad
3029 861 3445 924 reverentiam
3476 861 3821 943 majestatis
3848 861 3944 924 di-

2449 957 2649 1037 vinae3
2682 960 2791 1020 sed
2822 959 2995 1022 stetit
3026 967 3097 1020 ut
3122 959 3201 1022 ab
3232 960 3373 1023 aliis
3404 960 3746 1034 videretur,
3778 959 3943 1022 sicut

2446 1063 2511 1118 et
2558 1056 2713 1119 alibi
2764 1058 2853 1120 ait
2898 1059 2977 1120 de
3032 1058 3263 1122 talibus
3312 1058 3597 1123 Christus
3652 1077 3668 1122 ε
3714 1059 3942 1121 Amant
3966 1074 4211 1122 matrasta

2448 1154 2513 1217 in
2555 1157 2886 1239 synagogis
2924 1164 2987 1219 et
3022 1157 3272 1238 angulis
3313 1157 3664 1240 platearum
3706 1165 3939 1220 stantes

2446 1272 2646 1316 orare.
2700 1259 2856 1318 Hoec
2902 1259 3083 1332 apud
3126 1277 3191 1316 se
3244 1260 3496 1327 orabat,
3548 1256 3941 1318 simulatorie

2446 1353 2647 1435 magis
2687 1373 2883 1435 quam
2922 1371 3091 1416 vere.
3126 1353 3335 1417 Oratio
3372 1355 3545 1417 enim
3588 1361 3683 1418 est
3719 1356 3939 1418 devota

2447 1452 2715 1515 elevatio
2752 1453 2985 1514 mentis
3025 1454 3103 1514 ad
3142 1452 3339 1516 Deum
3373 1472 3521 1516 cum
3560 1453 3937 1536 impetrandi

2445 1548 2721 1630 affectu3
2752 1558 2944 1632 atque
2992 1558 3061 1613 ut
3098 1550 3187 1613 ait
3222 1551 3579 1633 Gregorius,
3612 1550 3800 1614 Orare
3844 1558 3943 1613 est

2446 1648 2512 1710 in
2543 1649 3036 1731 compunctione
3074 1651 3357 1714 amaros‘
3383 1650 3657 1732 gemitus
3698 1667 3775 1712 ex
3806 1669 3942 1712 cor-
3994 1667 4013 1682 ·

2446 1747 2541 1824 de,
2561 1766 2688 1810 non
2718 1747 3069 1830 composita
3098 1748 3294 1811 verba
3322 1767 3567 1812 sonare.
3586 1751 3777 1815 Deus,
3790 1769 3940 1826 qra-

832 1845 990 1927 justi
1019 1864 1146 1908 non
1176 1853 1376 1920 erant,
1402 1845 1651 1907 dIcente
1679 1843 1976 1924 Gregorio
2013 1862 2027 1906 :
2055 1843 2213 1905 Vera
2240 1843 2337 1923 ju·
2375 1848 2419 1910 B
2449 1848 2573 1906 tias
2602 1863 2721 1923 ayo
2750 1848 2889 1916 cibi,
2909 1849 3069 1926 quia
3098 1867 3229 1908 non
3256 1867 3401 1908 sum
3429 1850 3597 1908 sicut
3624 1851 3817 1908 ceteri
3837 1849 3939 1908 lw-

837 1945 1009 2006 stitia
1050 1944 1239 2006 habet
1280 1944 1808 2025 compassionem,
1841 1942 1999 2004 falsa
2041 1942 2337 2024 dedigna-

836 2044 1094 2107 tionem.
1117 2042 1250 2106 Non
1282 2043 1474 2105 etiam
1503 2041 1911 2105 attendebant
1939 2041 2101 2105 illud
2127 2041 2329 2105 Isaiae:

837 2140 942 2205 Vae
970 2142 1084 2224 qui
1119 2141 1368 2223 spernis
1405 2159 1418 2204 :
1454 2159 1666 2205 nonne
1697 2148 1758 2202 et
1795 2140 1932 2222 ipse
1974 2140 2332 2222 sperneris?

834 2239 1041 2313 Quum
1082 2239 1378 2320 fatigatus
1417 2239 1682 2302 desieris
1727 2245 2155 2313 contemnere,
2190 2257 2333 2302 con-

832 2338 1158 2401 temneris.
1193 2337 1567 2419 Hujusmodi
1599 2338 1787 2400 modo
1816 2343 1966 2399 sunt
1995 2337 2108 2418 qui
2141 2337 2333 2400 stulta

833 2437 1270 2518 singularitate
1328 2436 1642 2512 laetantur,
1695 2454 1811 2499 nec
1867 2435 1934 2498 in
1992 2454 2142 2500 vero
2200 2437 2333 2519 spi-

837 2535 1083 2598 ritualis
1133 2535 1282 2598 vitae
1339 2533 1754 2596 fundamento
1813 2552 1879 2596 se
1936 2533 2169 2616 figunt,
2220 2535 2333 2597 sed

835 2633 1256 2715 religiosiores
1310 2633 1580 2715 cupiunt
1635 2651 1964 2714 apparere,
2017 2640 2080 2695 et
2127 2652 2331 2715 quum

836 2751 1096 2814 prorsus
1141 2732 1422 2795 carnales
1467 2732 1614 2804 sint,
1649 2732 2012 2813 spirituales
2051 2749 2120 2794 se
2167 2731 2335 2794 arbi-

835 2838 1104 2893 trantur.
1137 2830 1222 2894 De
1261 2829 1500 2912 quibus
1528 2830 1716 2892 Judas
1755 2830 2076 2912 apostolus
2117 2832 2183 2893 in
2220 2850 2335 2893 sua

538 2159 601 2204 [ε.
617 2163 805 2210 uxum.

2444 1945 2722 2013 minum,
2756 1951 2973 2027 utpote
3007 1955 3313 2023 raptore-³,
3338 1947 3598 2023 injusti,
3618 1947 3934 2006 adulteri.

2524 2041 2751 2105 Mirum
2798 2042 2992 2105 alicui
3052 2050 3261 2125 potest
3305 2043 3531 2118 videri,
3582 2062 3718 2119 cur,
3771 2044 3939 2106 unde

2444 2149 2507 2203 et
2535 2142 2857 2222 quomodo
2893 2142 3013 2204 iste
3050 2141 3399 2204 Pharisaeus
3438 2140 3564 2204 fuit
3600 2142 3935 2225 superbuS,

2445 2240 2557 2322 qui
2600 2241 2771 2304 bona
2807 2259 2923 2302 sua
2958 2240 3083 2304 Deo
3120 2240 3459 2322 adscripsit
3496 2248 3798 2322 tanquam
3835 2241 3943 2303 da-

2444 2338 2589 2412 tori,
2623 2347 2687 2400 et
2733 2339 2790 2400 ei
2835 2339 3067 2418 gratias
3116 2338 3263 2420 egit.
3299 2337 3421 2400 Sed
3464 2339 3807 2421 multiplici
3852 2338 3941 2400 la-

2443 2435 2692 2500 boravit
2734 2436 3035 2518 superbia
3069 2455 3083 2498 :
3122 2436 3351 2518 primo,
3384 2437 3537 2518 quia
3584 2437 3701 2499 etsi
3750 2454 3938 2501 omne

2444 2533 2685 2598 bonum
2734 2535 3030 2615 cognovit
3076 2551 3215 2596 esse
3255 2553 3291 2596 a
3329 2533 3473 2610 Deo,
3513 2535 3683 2598 bona
3728 2542 3937 2596 tamen

2445 2652 2559 2694 sua
2588 2633 2712 2694 sibi
2742 2652 2779 2695 a
2807 2633 2933 2696 Deo
2975 2632 3253 2714 praestita
3290 2633 3645 2708 aestimavit,
3680 2652 3807 2696 non
3840 2652 3939 2696 so-

2445 2731 2579 2793 lum
2628 2749 2707 2794 ex
2756 2731 2973 2795 divina
3022 2731 3381 2805 clementia,
3426 2732 3538 2794 sed
3584 2732 3773 2794 etiam
3820 2750 3939 2814 pro

2444 2849 2559 2892 sua
2606 2830 2919 2892 industria
2966 2829 3103 2893 sive
3141 2829 3423 2911 justitia:
3456 2831 3753 2905 secundo,
3786 2831 3939 2912 quia

2445 2929 2562 2990 etsi
2613 2928 2825 2991 verbis
2870 2928 3103 3010 gratias
3153 2928 3301 3009 egit,
3340 2935 3550 2990 tamen
3600 2937 3813 2991 mente
3856 2929 3939 2991 ad

837 3027 1234 3109 semetipsoS,
1293 3027 1621 3101 animaleS,
1677 3026 1976 3108 spiritum
2035 3047 2163 3091 non
2223 3029 2332 3090 ha·
2371 3025 2414 3088 C
2445 3045 2513 3089 se
2555 3027 2769 3109 ipsum
2820 3026 3288 3102 reflectebatur,
3324 3027 3523 3090 videri
3573 3028 3835 3109 cupiens
3875 3034 3940 3089 et

565 2947 779 2994 luania.
837 2928 1006 2991 fatur
1063 2929 1374 2993 Canonica
1427 2947 1440 2991 :
1495 2929 1568 2991 Hi
1627 2936 1777 2990 sunt
1833 2929 1944 3010 qui
2004 2937 2335 3011 segregant

837 3126 1082 3188 bentes.

634 3227 704 3284 10
917 3227 1064 3286 Duo
1101 3225 1389 3285 homines
1437 3224 1855 3284 ascendebant
1897 3227 1971 3285 in
2023 3230 2333 3302 templum

837 3333 912 3384 ut
955 3331 1241 3383 orarent.
1291 3321 1434 3384 Ideo
1482 3319 1654 3382 enim
1703 3321 2037 3384 ecclesiam
2095 3323 2334 3386 intrare

836 3420 1165 3495 debemuS,
1221 3427 1291 3481 ut
1343 3437 1619 3493 oremuS,
1671 3427 1737 3480 et
1781 3427 1988 3482 cetera
2043 3441 2189 3503 quae
2240 3423 2331 3485 ibi

834 3520 1076 3600 agenda
1123 3525 1273 3580 sunt
1318 3516 1554 3592 divina,
1596 3535 1878 3597 agamuS.
1930 3518 2191 3596 Idcirco,
2239 3540 2335 3585 vae

836 3618 965 3680 illis
1013 3616 1128 3699 qui
1176 3615 1488 3697 templum
1539 3615 1985 3696 ingrediuntur
2029 3619 2108 3680 ad
2152 3617 2336 3681 fabu-

836 3717 1120 3790 landum,
1183 3717 1262 3777 ad
1327 3713 1796 3796 inspiciendum
1865 3716 2189 3791 mulieres,
2254 3719 2331 3780 ad

837 3815 1206 3889 videndum,
1253 3822 1315 3876 et
1363 3813 1884 3894 complacendum
1936 3815 2327 3879 hominibus.

849 3917 1024 3977 Unus
1055 3914 1447 3977 Pharisaeus.
1483 3911 1776 3974 Pharisaei
1825 3921 2004 3976 erant
2053 3915 2329 3997 religiosi

837 4013 1218 4086 Judaeorum‚
1261 4011 1426 4072 sicut
1473 4029 1644 4073 nunc
1693 4012 1987 4074 monachi
2034 4012 2334 4077 Christia-

841 4128 1106 4189 norum3
1139 4116 1444 4190 erantque
1485 4108 1778 4172 Pharisaei
1815 4109 1895 4171 ab
1933 4111 2076 4174 aliis
2116 4112 2183 4175 in
2224 4114 2334 4176 ha-

2447 3126 2710 3201 laudari,
2746 3126 2875 3188 imo
2922 3132 2986 3186 et
3028 3126 3106 3187 de
3154 3144 3268 3188 sua
3312 3127 3657 3207 gratiarum
3694 3127 3941 3189 actione

2447 3224 2789 3286 vanitatem
2838 3223 3165 3307 concepit3
3196 3223 3406 3298 tertio,
3439 3224 3593 3306 quia
3628 3225 3707 3286 de
3752 3223 3939 3287 bonis

2446 3323 2579 3385 suis
2637 3341 2832 3405 super
2887 3322 3043 3386 alios
3102 3322 3479 3404 insipienter
3535 3341 3603 3386 se
3656 3323 3935 3403 extulit3

2445 3429 2693 3504 quarto,
2726 3421 3031 3503 quoniam
3068 3421 3225 3486 alios
3265 3430 3503 3485 temere
3530 3421 3840 3502 judicavit
3876 3431 3941 3484 et

2446 3521 2707 3602 sprevit,
2744 3519 3103 3602 specialiter
3149 3519 3583 3601 publicanum,
3618 3520 3801 3602 cujus
3845 3521 3943 3584 in-

2444 3619 2677 3682 teriora
2716 3638 2842 3682 non
2884 3617 3063 3680 vidit.
3101 3617 3312 3693 Porro,
3348 3627 3418 3680 ut
3452 3619 3544 3680 ait
3580 3617 3935 3700 Gregorius,

2444 3725 2721 3799 quatuor
2766 3726 2918 3780 sunt
2963 3716 3210 3798 species
3268 3716 3587 3798 superbiae
3638 3736 3653 3780 ε
3706 3718 3936 3800 prima,

2445 3818 2599 3880 dum
2648 3815 2890 3878 bonum
2939 3815 3111 3896 quod
3160 3814 3305 3896 quis
3356 3814 3567 3890 habet,
3599 3834 3636 3877 a
3684 3835 3751 3878 se
3800 3817 3940 3898 ipso

2444 3916 2679 3978 habere
2722 3933 2789 3976 se
2834 3922 3039 3996 putat3
3074 3914 3370 3988 secunda,
3403 3916 3658 3995 quando
3696 3916 3813 3978 etsi
3856 3916 3942 3978 si-

2442 4014 2508 4076 bi
2555 4015 2829 4095 desuper
2867 4013 3085 4074 datum
3124 4013 3345 4086 credit,
3380 4019 3589 4075 tamen
3640 4033 3755 4096 pro
3804 4015 3937 4078 suis

2444 4111 2688 4174 meritis
2720 4110 2843 4173 sibi
2874 4111 3091 4173 datum
3120 4111 3474 4191 existimat3
3508 4113 3713 4187 tertia,
3735 4133 3939 4195 quan-

837 4209 999 4282 bitu,
1032 4209 1098 4270 in
1137 4207 1554 4270 observantiis
1595 4207 1814 4268 multis
1845 4208 2152 4290 cultuque
2190 4212 2335 4274 reli-
2365 4219 2414 4280 D
2444 4213 2523 4274 do
2552 4211 2726 4292 quod
2755 4229 2881 4272 non
2914 4208 3121 4284 habet,
3146 4208 3379 4272 habere
3408 4227 3476 4271 se
3501 4210 3724 4290 jactat;
3755 4230 3937 4293 quar-

836 4307 1044 4390 gionis
1083 4305 1365 4369 distincti
1401 4323 1415 4366 :
1453 4311 1712 4386 propter
1748 4307 1920 4386 quod
1959 4307 2335 4372 dicebantur

839 4403 1156 4480 Pharisaei,
1192 4404 1256 4466 id
1304 4411 1399 4465 est
1447 4402 1658 4466 divisi.
1695 4402 1966 4485 Eratque
2015 4416 2186 4470 secta
2230 4427 2335 4472 eo-

841 4522 986 4566 rum
1023 4503 1190 4564 inter
1224 4501 1468 4564 Judaeos
1507 4500 1776 4562 celebris
1815 4511 1876 4564 et
1914 4500 2178 4568 famosa.
2212 4506 2335 4569 Un-

548 4627 634 4670 Act
639 4640 764 4678 xxxxxx
768 4627 808 4670 5.
841 4604 919 4666 de
961 4603 1027 4664 in
1065 4599 1328 4663 Actibus
1375 4599 1603 4661 Paulus
1647 4598 1878 4662 fatetur
1912 4620 1925 4664 ε
1969 4601 2329 4668 Secundum

839 4700 1258 4765 certissimam
1297 4706 1529 4760 sectam
1573 4706 1800 4761 nostrae
1840 4698 2161 4781 religionis
2201 4703 2330 4767 vixi

838 4799 1208 4863 Pharisaeus,
1243 4799 1328 4858 E't
1365 4799 1532 4856 alter
1551 4799 1968 4874 publicanus.
2001 4799 2331 4864 Publicani

840 4894 1330 4961 nominabantur
1375 4894 1487 4975 qui
1537 4892 1809 4974 publicis
1858 4898 2334 4979 occupabantur

839 4996 1128 5076 negotiiS‚
1175 4992 1506 5074 vectigalia
1552 4993 1880 5074 exigendo,
1934 5013 2046 5058 seu
2095 4999 2334 5061 condu-

838 5096 1059 5170 cendo,
1111 5101 1221 5155 aut
1269 5091 1484 5154 saeculi
1533 5091 1726 5171 hujus
1774 5092 1952 5155 lucra
2009 5099 2326 5161 sectando.

838 5193 916 5256 Et
959 5193 1112 5274 quia
1157 5190 1306 5254 talia
1355 5208 1497 5252 raro
1543 5188 1712 5252 fiunt
1759 5190 2001 5273 absque
2049 5203 2327 5274 peccato,

841 5289 1166 5376 publicani
1197 5287 1653 5371 reputabantur
1682 5289 1926 5370 publici
1959 5301 2331 5372 peccatores.

2441 4319 2526 4384 ta,
2557 4310 2709 4372 dum
2747 4307 3063 4389 despectis
3102 4307 3351 4382 ceteris,
3384 4308 3789 4389 singulariter
3824 4329 3936 4373 cu-

2443 4409 2537 4490 pit
2587 4406 2788 4471 videri
2840 4404 3073 4468 habere
3120 4406 3290 4487 quod
3344 4406 3552 4469 hahet.
3606 4407 3927 4482 Proeterea,

2441 4527 2643 4590 quum
2664 4491 2745 4568 ‘in
2783 4504 3139 4570 Proverbiis
3178 4504 3471 4569 Salomon
3504 4506 3688 4582 dicat,
3715 4507 3929 4572 Iustus
3954 4533 4231 4585 Pru-am.
4263 4569 4264 4584 ἶ

2442 4608 2507 4669 in
2561 4604 2879 4688 principio
2918 4610 3245 4666 accusator
3286 4611 3381 4666 est
3428 4605 3549 4680 sui,
3582 4604 3928 4670 Pharisaeus
3956 4598 4032 4641 ¹⁷·

2444 4707 2561 4768 iste
2602 4703 2955 4767 inordinate
2994 4719 3255 4764 exorsus
3294 4710 3389 4763 est
3430 4722 3466 4765 a
3506 4705 3761 4786 propria
3797 4705 3932 4767 lau-

2441 4805 2541 4866 de.
2578 4802 2803 4864 Rectus
2834 4818 2983 4881 ergo
3021 4800 3175 4863 ordo
3213 4799 3432 4862 orandi
3472 4808 3587 4876 est,
3623 4802 3830 4883 primo
3860 4822 3931 4865 se

2442 4903 2655 4984 ipsum
2714 4898 3042 4960 humiliter
3086 4915 3404 4972 accusare,
3457 4899 3684 4962 deinde
3734 4901 3931 4964 Deum

2441 4998 2818 5082 suppliciter
2858 5015 3136 5071 exorare,
3170 5004 3361 5078 atque
3410 4997 3474 5058 in
3524 4996 3656 5060 fine
3700 4999 3933 5080 gratias

2439 5115 2624 5179 agere
2659 5115 2673 5159 t
2708 5096 2875 5158 sicut
2924 5095 3214 5158 sacerdos
3264 5095 3329 5156 in
3376 5093 3561 5157 Missa
3608 5098 3935 5178 praemittit

2442 5194 2783 5269 Confiteor,
2819 5200 3036 5276 postea
3063 5200 3219 5268 orat,
3252 5201 3317 5255 et
3353 5201 3671 5275 postremo
3700 5195 3767 5257 in
3794 5215 3937 5277 gra-

2441 5295 2675 5357 tiarum
2715 5293 2965 5356 actione
3006 5299 3407 5354 consummat
3447 5291 3763 5355 officium.
