4300 6259
571 4040 721 4086 Mare.
734 4056 819 4096 xm,

554 4107 622 4148 2⁵.

864 492 947 560 68

1642 513 1990 560 mantnano
2032 513 2097 559 11<
2138 513 2278 559 CAP.
2321 512 2412 558 111
2453 512 2645 559 LUGAE.
2687 531 2770 542 ··-
2809 514 2952 559 ΛΒΤ.
2997 514 3194 560 mm

866 692 1059 745 stram
1106 685 1185 746 ad
1223 685 1398 759 vitia,
1430 693 1623 768 atque
1666 686 2212 748 instabilissimam
2255 703 2367 748 no-
2393 685 2442 746 A
2473 687 2664 765 dixit;
2697 695 2760 748 et
2797 687 2952 748 dicit
2983 706 2998 749 :
3033 691 3170 750 Hoc
3205 697 3422 748 autem
3459 689 3700 756 scitote,
3727 688 3962 766 quom·-

866 791 1061 844 stram
1094 782 1541 864 fragilitatem;
1574 784 1813 847 ideireo
1849 784 2232 865 longanimis
2269 791 2368 844 est
2471 805 2576 844 am
2625 787 2688 846 si
2719 789 2910 846 sciret
2953 787 3442 865 paterfamilias
3479 806 3608 864 qua
3650 787 3810 845 hora
3846 785 3966 861 fur

866 898 1061 962 super
1090 900 1227 955 nOS,
1262 899 1379 943 nec
1417 883 1631 944 statim
1672 883 2025 956 ulciscitur,
2060 883 2171 944 sed
2202 901 2368 944 sem-

867 998 983 1062 per
1009 981 1277 1043 durante
1315 981 1435 1044 hac
1472 982 1622 1056 vita,
1658 991 1912 1065 paratus
1951 991 2048 1044 est
2080 989 2362 1044 nostram

867 1079 1307 1160 poenitentiam
1348 1081 1961 1163 conversionemque
2010 1079 2360 1162 suscipere.

864 1177 1011 1240 Ideo
1058 1177 1355 1240 subditur
1390 1196 1405 1240 :
1436 1181 1525 1240 Et
1570 1180 1633 1238 si
1678 1181 1926 1240 venerit
1968 1181 2041 1238 in
2080 1181 2364 1238 secunda

868 1277 1129 1352 viqilia,
1158 1275 1223 1338 id
1262 1283 1378 1350 est,
1415 1277 1468 1338 si
1510 1277 1796 1340 Christus
1845 1276 2170 1339 hominem
2211 1276 2366 1339 visi-

865 1374 1093 1435 taverit
1126 1375 1203 1436 ad
1241 1373 1657 1454 judicandum
1707 1392 1855 1436 eum
1895 1383 2184 1456 tempore
2231 1393 2364 1437 suae

854 1469 1235 1549 juventutiS,
1266 1483 1329 1534 et
1364 1475 1427 1533 si
1462 1475 1537 1532 in
1578 1475 1769 1534 tertia
1813 1475 2049 1550 viqilia
2090 1475 2358 1544 venerit,

855 1568 921 1631 id
968 1577 1086 1644 est,
1120 1571 1361 1633 diutius
1408 1571 1775 1654 permiserit
1820 1589 1967 1633 eum
2018 1573 2259 1648 vivere,
2299 1578 2362 1632 et

854 1666 1209 1730 visitaverit
1263 1687 1413 1732 eum
1458 1670 1539 1731 ad
1593 1669 2012 1750 judicandum
2070 1678 2359 1752 tempore

852 1767 1222 1843 senectutis,
1253 1779 1315 1828 et
1366 1771 1462 1830 ita
1504 1771 1853 1836 invenerit,
1888 1768 1949 1830 id
2000 1777 2117 1842 est,
2153 1769 2358 1832 homi-

2473 886 2748 955 vem‘ret,
2797 888 3102 962 viqilaret
3151 887 3397 964 utique,
3447 895 3508 944 ec
3555 904 3684 944 non
3728 885 3970 943 sineret

2461 984 2733 1062 perfodi
2765 985 3030 1042 domum
3065 1003 3256 1044 suam
3291 1001 3328 1044 a
3374 980 3538 1043 fure.
3571 981 3700 1044 Hoc
3743 981 3824 1042 ad
3871 979 3974 1041 lit-

2473 1088 2672 1142 teram
2721 1080 2808 1142 ita
2855 1089 2972 1154 est,
3007 1081 3180 1162 quod
3233 1080 3424 1143 hoino
3470 1087 3716 1141 tantuin
3763 1077 3974 1158 diligit

2473 1179 2826 1260 corporalia
2869 1179 3038 1242 bona
3083 1198 3218 1253 sua,
3272 1186 3343 1240 ut
3389 1187 3608 1241 contra
3655 1175 3816 1238 iuris
3863 1177 3976 1238 ad-

2471 1284 2733 1338 ventum
2773 1277 3095 1358 vigilando
3134 1295 3202 1340 se
3241 1283 3644 1358 praepararet,
3687 1275 3740 1336 si
3779 1274 3974 1336 sciret

2471 1377 2728 1456 quando
2766 1383 3074 1438 venturus
3110 1375 3194 1436 sit
3238 1373 3366 1436 fur.
3407 1373 3600 1436 Multo
3635 1391 3784 1453 ergo
3821 1372 3972 1454 plus

2471 1475 2789 1536 custodire
2836 1475 3024 1536 debet
3081 1474 3270 1537 homo
3325 1472 3603 1535 animam
3652 1490 3853 1545 suam,
3903 1477 3970 1532 et

2469 1573 2826 1653 spiritualia
2870 1572 3040 1635 bona
3079 1571 3202 1633 sihi
3241 1591 3280 1633 a
3315 1571 3442 1635 Deo
3490 1571 3734 1644 collata,
3769 1587 3968 1650 seque

2469 1689 2584 1752 per
2640 1672 3007 1752 diligentem
3071 1671 3437 1733 divinorum
3497 1667 3964 1731 observantiam

2469 1777 2954 1852 praceptorum,
3015 1778 3234 1832 contra
3295 1766 3692 1850 spiritualem
3755 1765 3962 1828 furem

854 1884 999 1927 nem
1030 1868 1109 1929 ad
1142 1859 1411 1930 mortem
1443 1875 1732 1950 paratum
1765 1869 2188 1950 compererit;
2220 1871 2358 1929 bea-
2391 1869 2440 1932 B
2469 1887 2690 1951 parare
2727 1876 2920 1950 atque
2957 1886 3224 1940 armare,
3268 1867 3332 1929 id
3371 1873 3468 1928 est
3503 1873 3721 1928 contra
3757 1864 3970 1927 diabo-

853 1967 907 2024 ti
932 1975 1087 2026 aunt
1111 1969 1286 2026 servi
1312 1968 1447 2036 illi,
1475 1967 1589 2047 qui
1630 1985 1669 2027 a
1698 1966 1948 2028 Christo
1988 1966 2232 2029 fuerint
2269 1966 2356 2029 ita

854 2063 1051 2145 parati
1102 2073 1296 2145 atque
1338 2065 1404 2125 in
1447 2064 1635 2127 honis
1676 2065 1980 2146 operibus
2021 2065 2354 2146 vigilantes

853 2161 1121 2242 inventi,
1152 2163 1307 2244 quia
1334 2162 1809 2226 coronabuntur
1833 2163 2109 2244 gloriose
2144 2164 2225 2226 ab
2256 2165 2356 2246 ip-

852 2279 945 2322 so.
1007 2261 1227 2341 ltaque
1282 2261 1635 2323 secundum
1691 2261 2085 2341 Gregorium,
2144 2263 2354 2344 prima

852 2358 1069 2439 vigilia
1096 2359 1476 2440 primaevum
1508 2367 1759 2441 tempus
1794 2369 1890 2422 est
1920 2361 2065 2423 vi'tae
2094 2369 2346 2437 nostrae,

850 2456 1147 2520 videlicet
1194 2457 1504 2539 pueritia3
1546 2460 1827 2520 secunda
1862 2459 2081 2540 vigilia
2118 2468 2215 2522 est
2249 2460 2352 2541 ju-

850 2564 1079 2618 ventus
1118 2574 1229 2618 seu
1266 2557 1720 2636 adolescentia3
1754 2558 1939 2619 tertia
1975 2565 2210 2634 autem,
2253 2577 2350 2621 se—

2467 1967 2622 2040 lum,
2655 1966 2768 2048 qui
2806 1968 3068 2029 domum
3111 1965 3367 2044 mentiS‚
3401 1964 3465 2026 id
3508 1971 3606 2025 est
3643 1963 3970 2025 conscien—

2463 2066 2640 2139 tiam,
2696 2064 3130 2126 indesinenter
3180 2061 3512 2145 perfodere
3567 2079 3678 2122 seu
3737 2060 3966 2122 laedere

2463 2183 2538 2226 ac
2563 2163 2882 2226 maculare
2923 2168 3222 2242 conatur3
3257 2180 3370 2224 seu
3408 2167 3627 2223 contra
3665 2167 3958 2232 mortem,

2463 2281 2544 2324 ne
2605 2262 2824 2344 ipsum
2880 2279 3112 2342 corpus
3171 2266 3556 2340 corrumpat,
3617 2264 3958 2338 antequam

2459 2360 2674 2422 anima
2700 2360 2778 2421 ad
2807 2359 3274 2422 occurrendum
3305 2355 3573 2430 Christ0,
3607 2362 3670 2417 et
3706 2357 3784 2417 ad
3815 2354 3957 2435 ejus

2460 2458 2940 2540 suscipiendum
2979 2456 3296 2537 judicium
3341 2473 3410 2517 se
3451 2455 3654 2537 ipsam
3700 2471 3959 2535 parave-

2461 2557 2564 2618 rit.
2608 2556 2820 2630 Porro,
2856 2554 3247 2637 Theophilus
3295 2570 3412 2634 per
3457 2551 3664 2614 furem
3720 2551 3958 2613 intelli-

848 2662 1104 2734 nectus;
1145 2661 1373 2736 quarta
1401 2674 1551 2719 vero
1588 2662 1685 2716 est
1718 2655 1828 2718 illa
1866 2664 2013 2718 aetas
2055 2675 2202 2738 quae
2240 2659 2346 2719 de-
2455 2657 2550 2736 git
2597 2654 2827 2718 Christi
2875 2655 3218 2716 adventum
3267 2653 3345 2713 ad
3391 2651 3828 2731 judicandum,
3882 2667 3957 2712 eo

844 2752 1086 2834 crepita
1143 2754 1529 2816 nominatur.
1579 2753 1695 2826 Qui
1746 2771 1895 2834 ergo
1944 2755 2009 2816 in
2071 2756 2347 2837 pueritia
2457 2754 2630 2835 quod
2678 2753 2878 2814 instar
2915 2751 3078 2812 suris
3117 2756 3424 2812 venturus
3463 2751 3545 2810 sit
3583 2747 3952 2830 improvise,

842 2851 1007 2914 male
1036 2851 1217 2932 vixit,
1250 2852 1316 2914 in
1343 2851 1681 2933 juventute
1712 2853 2016 2934 poeniteat
2046 2861 2107 2916 et
2137 2873 2346 2916 emen·
2452 2852 2635 2930 juxta
2683 2851 2843 2912 illud
2891 2849 3174 2931 Apostoli
3219 2866 3232 2909 :
3276 2847 3418 2910 Dies
3465 2845 3737 2920 Domini,
3791 2846 3958 2908 sicut

842 2949 967 3010 det.
1001 2947 1176 3022 Quod
1214 2950 1268 3012 si
1310 2950 1373 3012 in
1410 2950 1747 3030 juventute
1786 2970 2045 3033 quoque
2080 2972 2346 3016 conver·
2455 2950 2604 3011 sur'
2587 2969 2654 3010 in
2686 2957 2891 3025 nocte,
2917 2948 3003 3011 ita
3033 2947 3264 3010 veniet.
3295 2946 3508 3028 ltaque
3539 2952 3818 3006 mentem
3849 2927 4018 3008 no-²

840 3054 1013 3108 satus
1042 3055 1139 3108 est
1169 3047 1414 3121 vitiose,
1443 3047 1715 3110 saltem’
1698 3068 1763 3108 m
1798 3055 2123 3111 senectute
2150 3070 2188 3112 a
2218 3071 2345 3113 ma·
2371 3049 2415 3113 C
2452 3056 2650 3110 stram
2693 3055 2912 3110 contra
2957 3045 3308 3128 pessimum
3352 3063 3426 3105 ac
3468 3042 3952 3106 callidissimum

840 3143 997 3207 litiis
1056 3145 1409 3227 resipiscat.
1462 3146 1547 3208 De
1601 3145 1809 3227 prima
1862 3155 2075 3210 autem
2125 3149 2344 3230 vigilia
2457 3148 2688 3221 furem,
2743 3154 2896 3228 puta
2953 3143 3303 3222 diabolum,
3355 3141 3786 3204 indesinenter
3840 3159 3955 3202 cu-

842 3260 969 3305 non
999 3241 1078 3304 fit
1114 3243 1221 3305 hic
1259 3245 1521 3318 mentio,
1556 3244 1709 3325 quia
1749 3245 1815 3306 in
1851 3245 1961 3306 illa
1998 3253 2179 3309 aetate
2211 3266 2339 3310 non
2456 3246 2824 3319 stodiamuS,
2869 3262 2948 3306 ne
2987 3261 3102 3306 nos
3150 3240 3326 3305 omni
3363 3241 3709 3322 gratiarum
3755 3239 3956 3301 chari·

843 3349 993 3402 sunt
1022 3341 1311 3405 homines
1340 3351 1470 3405 tam
1498 3342 1630 3424 apti
1658 3343 1737 3405 ad
1765 3345 1961 3406 ardua
1991 3345 2335 3425 virtutum3
2455 3351 2656 3405 smate
2703 3342 2935 3424 spoliet
2968 3359 2981 3404 :
3016 3339 3168 3422 quia
3211 3339 3264 3400 si
3309 3357 3424 3401 nos
3464 3339 3542 3400 ad
3589 3337 3955 3400 tentationis

846 3439 1141 3502 similiter
1170 3459 1286 3503 nec
1316 3441 1382 3502 in
1412 3448 1590 3502 aetate
1620 3441 1941 3523 decrepita
1974 3461 1990 3505 ε
2024 3445 2194 3507 unde
2225 3463 2342 3508 nec
2455 3461 2587 3505 suae
2615 3459 2999 3505 consensum
3039 3438 3381 3511 induxerit,
3414 3436 3588 3500 omni
3621 3436 3850 3500 virtute
3889 3443 3955 3497 et

846 3539 925 3601 de
982 3539 1120 3621 ipsa
1166 3539 1245 3601 rit
1300 3557 1529 3614 sermo,
1584 3559 1729 3601 nam
1779 3549 1845 3602 et
1900 3543 2340 3622 poenitentiam
2452 3541 2652 3622 gratia
2699 3540 2991 3622 protinus
3031 3556 3145 3600 nos
3196 3535 3494 3619 privabit.
3537 3535 3682 3598 Ideo
3719 3534 3952 3596 Paulus

843 3655 989 3720 quae
1038 3636 1103 3699 in
1152 3637 1293 3720 ipsa
1336 3636 1435 3714 fit,
1470 3637 1631 3699 Deus
1681 3639 1895 3700 minus
1942 3649 2248 3722 acceptat,
2281 3651 2344 3704 et

845 3734 1149 3816 quoniam
1180 3755 1320 3798 raro
1348 3744 1444 3798 est
1473 3735 1848 3818 poenitentia
1877 3755 2045 3813 vera,
2073 3757 2218 3820 quae
2249 3749 2344 3802 est

844 3834 1001 3896 adeo
1048 3851 1207 3908 sera,
1256 3842 1327 3894 ut
1373 3834 1599 3895 asserit
1633 3834 2048 3914 Augustinus,
2086 3836 2346 3900 Verum-

846 3939 1056 3993 tamen
1090 3931 1154 3993 in
1186 3931 1388 3994 Marco
1416 3931 1702 3994 Christus
1732 3950 1953 3994 omnes
1984 3933 2095 3994 has
2126 3944 2348 4016 quatu-

846 4047 919 4093 or
946 4029 1147 4110 tangit
1174 4037 1407 4104 aetates,
1440 4029 1709 4092 dicendo
1742 4047 1757 4092 ε
1795 4029 2100 4111 Vigilate3
2140 4035 2347 4096 nesci-

846 4127 929 4189 tis
966 4127 1137 4188 enim
1179 4128 1435 4209 quando
1476 4126 1778 4189 Dominus
1809 4128 2041 4204 veniat,
2076 4149 2238 4204 sero,
2263 4151 2342 4193 an

2455 3659 2570 3702 nos
2615 3639 2948 3702 hortatur:
2981 3635 3186 3699 Nolite
3230 3635 3442 3698 locum
3483 3634 3630 3696 dare
3670 3632 3945 3696 diaholo.

2455 3738 2530 3800 Et
2574 3737 2890 3801 Iacobus:
2925 3733 3219 3797 Resistite
3261 3732 3531 3814 (inquit)
3574 3731 3844 3806 diabolo,
3885 3739 4015 3828 et

2455 3836 2658 3917 fugiet
2683 3856 2720 3897 a
2749 3833 2953 3898 vobis.
2986 3832 3205 3894 Petrus
3235 3847 3542 3913 quoque:
3575 3829 3778 3894 Sobrii
3806 3830 3953 3911 (ait)

2455 3943 2672 4008 estote,
2706 3941 2769 3994 et
2808 3932 3085 4012 vigilate,
3118 3930 3271 4012 quia
3307 3928 3708 3992 adversarius
3741 3937 3951 3990 vester

2453 4033 2742 4096 diabolus
2772 4039 3074 4112 tanquam
3108 4028 3207 4092 leo
3233 4027 3492 4108 rugiens
3523 4027 3763 4104 circuit,
3782 4045 3951 4108 quae-

2453 4151 2600 4194 rens
2653 4149 2848 4213 quem
2900 4130 3159 4192 devoret
3210 4145 3224 4188 :
3278 4126 3380 4189 cui
3437 4126 3706 4188 resistite
3751 4123 3948 4189 fortes

847 4226 1058 4288 media
1094 4231 1299 4300 nocte,
1330 4244 1411 4286 an
1451 4225 1605 4305 galli
1643 4233 1853 4300 cantu,
1884 4245 1963 4288 an
2007 4246 2214 4290 mane.
2247 4228 2346 4292 Fit
2374 4240 2423 4300 D
2453 4230 2517 4292 in
2565 4230 2716 4292 fide.

846 4331 1057 4386 autem
1105 4341 1314 4386 sermo
1363 4324 1441 4386 de
1486 4322 1776 4386 aetatibus
1828 4324 1972 4387 vitae
2023 4325 2337 4410 humanae,

848 4439 960 4484 seu
991 4420 1279 4503 partibus
1310 4421 1453 4484 vitae
1480 4421 1758 4484 hominis
1788 4423 2240 4504 metaphorice,
2263 4426 2341 4487 ad

848 4519 1335 4582 similitudinem
1386 4519 1661 4601 partium
1711 4521 1935 4583 noctiS.
1984 4521 2143 4584 Sunt
2191 4541 2342 4587 vero

847 4627 1119 4701 quatuor
1150 4619 1384 4700 vigiliae
1414 4619 1615 4682 noctis
1641 4638 1654 4682 ε
1682 4620 1885 4701 prima
1916 4629 2176 4683 vocatur
2203 4641 2344 4685 con-

846 4717 1165 4791 ticinium,
1189 4718 1467 4779 secunda
1494 4717 1969 4799 intempestum,
2007 4719 2190 4782 tertia
2216 4721 2343 4800 gal-

848 4817 1162 4891 licinium,
1214 4823 1439 4897 quarta
1492 4816 1961 4878 antelucanum.
2014 4817 2117 4880 Sic
2169 4819 2340 4880 enim

848 4915 1181 4997 vigilantes
1228 4915 1293 4976 in
1332 4915 1587 4977 moeniis
1626 4915 1953 4978 civitatum
1994 4925 2057 4980 et
2095 4919 2339 4994 castriS‚

848 5023 1098 5078 noctem
1138 5021 1606 5078 consueverunt
1642 5014 1946 5090 dividere,
1981 5024 2051 5078 ut
2089 5016 2212 5078 sibi
2249 5017 2344 5079 in—

850 5115 1053 5177 vicem
1100 5113 1165 5174 in
1212 5111 1530 5193 vigilando
1573 5114 1933 5176 succedant.

930 5212 1165 5274 Deinde
1201 5210 1483 5274 Salvator
1514 5231 1627 5293 per
1660 5213 1870 5275 simile
1907 5213 1973 5274 in
2016 5214 2345 5277 exteriori-

848 5311 969 5373 bus
1001 5310 1191 5372 rehus
1222 5317 1642 5392 compertum,
1669 5319 1884 5374 monet
1915 5311 2169 5392 impleri
2199 5331 2344 5394 quae

2531 4329 2840 4409 Deinceps
2890 4325 3176 4389 Christus
3231 4321 3401 4385 istud
3457 4322 3820 4403 exemplum
3867 4324 3948 4385 ad

2453 4426 2850 4510 propositum
2889 4423 3189 4505 applicat.
3223 4425 3309 4484 Ec
3341 4441 3446 4482 vos
3480 4431 3668 4482 estote
3691 4424 3944 4500 parati,

2451 4527 2516 4590 id
2563 4534 2678 4598 est,
2717 4539 2972 4604 semper
3013 4529 3078 4582 et
3115 4520 3548 4582 indesinenter
3585 4519 3650 4580 in
3689 4519 3945 4582 caritate

2449 4631 2512 4686 et
2537 4623 2738 4705 gratia
2766 4638 2905 4683 esse
2935 4629 2999 4681 et
3026 4619 3242 4682 vivere
3271 4617 3551 4698 satagite,
3575 4635 3692 4678 nec
3719 4625 3938 4679 morta-

2450 4723 2509 4784 le
2541 4727 2871 4804 peccatum
2902 4717 3084 4781 vobis
3114 4716 3416 4778 inhaereat
3440 4734 3454 4778 ε
3482 4716 3630 4792 imo,
3665 4715 3716 4777 si
3745 4717 3944 4796 (quod

2449 4821 2642 4900 absit)
2679 4817 2984 4890 evenerit,
3020 4833 3135 4898 per
3164 4814 3602 4896 poenitentiam
3644 4832 3788 4877 mox
3828 4815 3945 4877 tol-

2451 4920 2638 4981 latur.
2671 4917 2774 4980 Sic
2812 4933 2961 4995 ergo
2999 4922 3198 4977 estote
3236 4912 3436 4994 parati
3473 4912 3551 4973 ad
3582 4912 3810 4974 Christi
3839 4914 3946 4974 ad-

2451 5025 2736 5090 ventum,
2783 5015 2861 5076 ad
2911 5021 3202 5086 mortem,
3249 5012 3327 5074 ad
3377 5011 3667 5074 divinum
3714 5010 3947 5091 judici·-

2452 5136 2585 5191 um,
2636 5116 2795 5195 quia
2844 5133 2974 5191 qua
3023 5115 3182 5172 lzora
3229 5131 3362 5171 non
3399 5113 3681 5188 putatis,
3731 5109 3794 5172 id
3851 5115 3946 5171 est

2453 5223 2737 5296 tempore
2769 5211 2948 5275 vohis
2981 5211 3242 5284 incerto,
3270 5211 3482 5270 Filius
3501 5210 3806 5276 hominis,
3835 5208 3947 5269 sci·

2455 5315 2603 5376 licet
2649 5311 2958 5384 Christus,
3005 5311 3235 5380 veniet,
3287 5307 3348 5370 id
3397 5314 3513 5382 est,
3561 5324 3675 5388 per
3724 5307 3944 5370 mortis

4105 693 4174 747 39

3987 2862 4036 2966 2Ι
4055 2863 4242 2908 Thena:

4015 3659 4188 3715 Bykes
4193 3673 4243 3704 iv,

3981 3723 4060 3764 27.

4027 3854 4244 3898 {Petu-s,

3981 3919 4030 3968 8,
4051 3921 4096 3959 9.

4099 4432 4172 4488 40
