4300 6259
1135 515 1488 567 numano
1529 517 1594 565 m
1635 515 1774 565 aar.
1821 511 1930 564 xxi
1969 515 2159 564 nuum.
2205 535 2286 548 —
2326 515 2469 566 Am.
2515 517 2633 565 xzv
3315 502 3433 568 193

321 689 450 753 fuit
497 692 810 762 Christus,
853 691 946 754 sic
993 690 1254 773 triginta
1288 690 1484 755 Judaei
1535 709 1653 772 pro
1701 707 1830 752 uno
1858 686 1910 748 A
1939 689 2241 772 exprimit
2288 690 2595 766 ChristuS,
2648 691 2915 755 dicendo
2958 711 2972 756 :
3020 691 3243 757 Statim
3290 701 3435 776 post
3514 711 3682 755 uaria,

321 791 588 854 denario
638 790 1120 868 vendebantur3
1171 799 1234 852 et
1281 807 1359 852 ex
1417 790 1510 852 eis
1569 787 1831 850 fuerunt
1936 789 2413 852 tribulationem
2454 789 2700 853 dierum
2745 791 3025 866 illorum,
3070 792 3161 855 sol
3207 792 3434 855 obscu-
3460 776 3661 826 ¹¹''’²⁹·

65 2569 294 2622 ΡιιτιιιᾼΞ.

118 3947 220 3989 Rom.

79 4007 132 4056 25,
149 4011 206 4054 2⁶.

321 889 588 971 quidam
641 889 794 952 hinc
842 889 992 951 inde
1041 905 1156 970 per
1203 888 1418 952 omnia
1475 906 1668 968 rcgna
1715 906 1827 948 seu

319 988 580 1051 climata
631 987 852 1050 mundi
901 987 1195 1069 dispersi.
1238 987 1413 1060 Quod
1462 994 1672 1048 tamen
1713 1003 1828 1069 per

319 1088 588 1150 modum
628 1085 1058 1169 hyperbolicae
1099 1085 1438 1148 locutionis
1490 1093 1695 1167 potest
1736 1084 1830 1146 in-

318 1185 549 1266 telligi,
600 1185 678 1247 ad
738 1184 1198 1246 insinuandum
1256 1184 1426 1264 quod
1485 1201 1599 1264 per
1647 1183 1829 1246 valde

319 1283 558 1344 multas
605 1289 826 1363 gentes
864 1281 1062 1344 Judaei
1115 1281 1386 1363 dispersi
1435 1288 1604 1342 sunt.
1646 1279 1828 1342 Deni-

318 1399 450 1462 que
509 1380 824 1463 dispersio
880 1380 1016 1442 haec
1059 1379 1418 1442 Judaeorum
1479 1379 1601 1441 Deo
1661 1378 1832 1441 ordi-

321 1489 516 1542 nante
565 1479 728 1542 facta
775 1487 892 1554 est,
945 1479 1024 1540 ad
1074 1477 1623 1541 confirmationem
1675 1477 1828 1540 fidei

321 1579 712 1652 christianae,
753 1585 816 1640 et
857 1577 1166 1658 maJorem
1216 1575 1586 1638 memoriam
1627 1575 1832 1639 nomi-

323 1678 424 1738 nis
475 1677 711 1740 Christi
766 1695 778 1738 :
835 1677 990 1738 dum
1039 1675 1329 1739 conversi
1380 1692 1456 1735 ex
1503 1673 1825 1754 gentibuS,

319 1775 720 1838 adversarios
751 1793 899 1836 suos
941 1773 1107 1834 inter
1139 1790 1208 1835 se
1237 1773 1456 1834 vident
1486 1779 1825 1845 morantes,

1939 886 2204 962 rabitur,
2238 897 2301 949 et
2330 887 2482 950 luna
2511 907 2637 951 non
2670 888 2845 951 dabit
2873 889 3089 952 lumen
3122 909 3333 964 suum,
3369 898 3433 952 et

1937 985 2136 1048 stellae
2166 987 2391 1048 cadent
2426 989 2503 1049 de
2532 986 2716 1050 coelo.
2748 986 3051 1059 Quocirca
3078 989 3298 1051 dicunt
3329 1007 3435 1051 ex-

1939 1084 2271 1164 positoreS‚
2325 1085 2494 1165 quod
2547 1093 2689 1167 post
2733 1085 3243 1150 terminationem
3292 1106 3435 1169 per-

1940 1181 2285 1245 secutionis
2329 1182 2722 1257 Antichristi,
2766 1189 2826 1245 et
2874 1201 2948 1247 eo
2996 1184 3225 1258 occiso,
3268 1185 3431 1247 Deus

1941 1280 2245 1342 concedet
2289 1280 2569 1362 deceptis
2616 1279 2696 1342 ab
2735 1281 3123 1346 Antichristo
3171 1284 3434 1364 quadra-

1937 1377 2112 1457 ginta
2162 1378 2453 1460 quinque
2498 1379 2634 1440 dies
2679 1378 2779 1441 vel
2824 1379 3075 1443 circiter
3112 1381 3190 1442 ad
3229 1381 3433 1462 poeni-

1940 1477 2225 1550 tendum,
2275 1477 2627 1538 secundum
2667 1478 2839 1558 quod
2881 1477 3003 1541 hoc
3048 1496 3125 1540 ex
3176 1478 3429 1541 Daniele
3458 1494 3725 1600 stamnum,

1941 1575 2213 1636 trahitur
2248 1594 2263 1638 :
2304 1575 2541 1657 quibus
2586 1576 2876 1658 expletis,
2910 1585 3097 1640 erunt
3141 1577 3319 1659 signa
3363 1578 3427 1641 in

1941 1673 2072 1736 sole
2121 1680 2184 1735 et
2228 1673 2380 1735 luna
2418 1672 2648 1737 Christi
2698 1675 3040 1738 adventum
3094 1676 3431 1739 imminere

1940 1771 2253 1833 testantia.
2288 1771 2434 1844 Quae
2468 1771 2647 1853 signa
2679 1773 3014 1855 tripliciter
3044 1782 3309 1855 possunt
3338 1775 3433 1836 in-

322 1890 398 1934 ex
431 1891 716 1954 quorum
756 1870 940 1933 libris
972 1870 1243 1952 probant
1271 1888 1416 1951 quae
1445 1871 1733 1942 credunt,
1767 1876 1832 1930 et
1866 1863 1913 1926 B
1939 1868 2137 1949 telligi
2174 1888 2187 1932 ε
2220 1868 2451 1944 Primo,
2485 1872 2655 1952 quod
2686 1871 2778 1934 sol
2810 1879 2872 1934 et
2901 1871 3052 1934 luna
3079 1873 3142 1934 in
3176 1890 3245 1934 se
3273 1870 3435 1954 ipsis

322 1971 388 2033 in
435 1989 717 2052 quorum
767 1977 894 2032 tam
944 1969 1131 2049 longa
1173 1976 1236 2031 et
1273 1969 1451 2049 gravi
1504 1966 1830 2049 captivita-

322 2075 384 2130 te
432 2087 507 2131 ac
557 2068 946 2132 desolatione
991 2067 1210 2131 vident
1258 2067 1336 2128 ad
1386 2066 1644 2129 oculum
1691 2083 1828 2127 esse

325 2166 612 2248 impleta,
646 2185 791 2248 quae
830 2168 908 2229 de
945 2165 1316 2227 eorumdem
1356 2163 1718 2246 captivitate
1755 2181 1828 2225 ac

323 2265 724 2347 dispersione
764 2263 1196 2346 praedixerunt
1231 2262 1599 2345 Prophetae;
1638 2269 1831 2343 atque

324 2365 692 2427 incredulos
735 2363 1042 2425 intuendo
1085 2362 1356 2436 Judaeos‚
1397 2379 1710 2424 memores
1755 2359 1832 2422 si—

325 2470 440 2524 unt
503 2461 840 2525 dominicae
899 2461 1233 2543 passionis.
1286 2459 1446 2522 Hinc
1503 2458 1706 2521 fertur
1763 2459 1829 2521 in

323 2559 576 2622 Psalmo
611 2579 626 2622 :
664 2559 825 2621 Deus
864 2557 1141 2622 ostendit
1185 2556 1340 2619 mihi
1383 2575 1576 2639 super
1618 2557 1834 2619 inimi-

323 2678 430 2722 cos
473 2676 694 2738 meos3
741 2675 822 2719 ne
851 2657 1100 2720 occidas
1139 2673 1268 2731 θος,
1302 2657 1640 2737 nequando
1677 2655 1834 2718 obli-

326 2758 658 2820 viscantur
715 2755 937 2838 populi
997 2755 1164 2834 mei3
1219 2755 1513 2836 disperge
1570 2753 1712 2816 illos
1763 2753 1829 2814 in

323 2857 564 2919 virtute
597 2863 719 2929 tua,
753 2861 816 2916 et
845 2855 1094 2936 depone
1121 2871 1250 2928 eoa,
1285 2859 1602 2935 protector
1632 2869 1826 2924 meus,

321 2955 616 3018 Domine.

1940 1985 2064 2028 non
2115 1967 2647 2044 obscurabuntur,
2692 1971 2801 2032 sed
2851 1989 2964 2052 per
3014 1971 3438 2053 interpositio—

1941 2083 2087 2126 nem
2130 2083 2467 2148 corporum
2512 2085 2853 2149 opacorum
2898 2069 3224 2132 obscurari
3263 2070 3437 2132 vide-

1941 2160 2203 2235 buntur,
2228 2163 2381 2244 quia
2410 2182 2535 2227 non
2567 2165 2873 2227 lucebunt
2902 2166 3293 2242 hominibuS,
3318 2167 3440 2230 sic-

1944 2269 2014 2322 ut
2043 2259 2212 2322 sitin
2248 2260 2471 2343 eclipsi
2506 2280 2520 2324 ε
2554 2269 2617 2324 et
2651 2263 2851 2344 aliqui
2886 2264 3231 2346 opinantur
3264 2267 3436 2346 quod

1942 2357 2093 2419 luna
2131 2367 2529 2440 supponetur
2567 2367 2721 2423 tunc
2760 2361 2916 2442 soli3
2949 2370 3161 2424 tamen
3201 2381 3277 2425 ex
3317 2363 3437 2426 hoc

1941 2455 2074 2519 solo
2134 2475 2261 2520 non
2319 2466 2692 2539 sequeretur
2750 2460 3128 2522 universalis
3180 2461 3437 2542 eclipsis

1942 2571 2053 2615 seu
2103 2555 2295 2617 totius
2345 2555 2702 2620 obscuratio
2739 2564 2945 2621 terrae.
2990 2557 3299 2634 Secundo,
3343 2558 3439 2621 in-

1939 2652 2138 2733 telligi
2181 2661 2449 2735 possunt
2486 2655 2665 2736 signa
2703 2656 2833 2730 illa,
2867 2658 3040 2738 quod
3070 2657 3439 2721 obscurabi-

1941 2757 2046 2810 tur
2083 2751 2174 2814 sol
2214 2758 2277 2812 et
2314 2750 2485 2832 luna,
2520 2752 2725 2814 solum
2766 2755 3235 2838 comparatione
3274 2773 3439 2820 verae

1940 2856 2003 2909 ct
2049 2849 2308 2930 maJoris
2356 2849 2541 2926 luciS,
2576 2851 2873 2915 videlicet
2920 2853 3172 2929 Christi,
3216 2871 3441 2937 quem-

1939 2947 2279 3010 admodum
2321 2948 2519 3011 stellae
2547 2948 2968 3013 obscurantur
3007 2953 3139 3016 sole
3180 2971 3440 3016 nascen-

403 3057 490 3116 Ec
531 3055 896 3114 Jerusalem
935 3051 1296 3111 calcabitur
1335 3071 1376 3110 a
1407 3050 1731 3126 gentibue,
1766 3048 1826 3110 id
1867 3043 1910 3106 C
1941 3052 2022 3105 te.
2055 3044 2211 3108 Nam
2250 3054 2419 3109 tanta
2460 3054 2614 3110 tunc
2642 3049 2764 3110 erit
2801 3050 3052 3114 claritas
3081 3051 3320 3114 Judicis
3360 3053 3437 3114 ad

322 3159 437 3224 est,
484 3151 993 3232 alienigenarum
1040 3147 1330 3229 potestati
1379 3148 1682 3221 tradetur,
1729 3146 1828 3209 vel
1937 3142 2253 3223 judicium
2296 3147 2629 3222 venientiS‚
2675 3157 2745 3211 ut
2785 3148 2926 3229 ejus
2969 3151 3439 3232 comparatione

321 3267 358 3310 a
411 3248 768 3330 gentilibus
813 3249 892 3309 ad
953 3245 1148 3308 fidem
1198 3243 1522 3307 conversis
1583 3243 1831 3306 inhabi-

327 3344 590 3418 tabitur,
621 3349 823 3405 donec
860 3346 1262 3421 impleantur
1303 3351 1586 3419 tempora
1625 3343 1831 3402 natio-

325 3463 510 3502 num.
551 3442 832 3504 Verbum
880 3441 1050 3504 istud
1101 3440 1446 3503 obscurum
1497 3446 1612 3502 est.
1655 3438 1830 3511 Quod

323 3547 538 3602 tamen
592 3540 802 3622 primo
851 3546 1058 3621 potest
1102 3538 1223 3601 hoc
1270 3538 1460 3600 modo
1507 3536 1774 3618 intelligi
1811 3555 1824 3598 :

325 3636 594 3700 Tamdiu
648 3636 996 3700 Jerusalem
1051 3655 1088 3697 a
1140 3635 1490 3716 gentilibus
1552 3635 1832 3718 posside-

327 3735 524 3810 bitur,
579 3753 918 3817 quousque
964 3742 1183 3816 gentes
1235 3751 1456 3797 omnes
1504 3735 1584 3796 ad
1631 3733 1830 3797 fidem

327 3853 652 3896 conversas
707 3833 857 3906 sint,
914 3839 1022 3894 aut
1079 3831 1353 3905 circiter,
1413 3832 1566 3913 quia
1622 3839 1692 3893 ut
1745 3832 1834 3894 ait

247 3963 300 4001 xl,
327 3932 692 4014 ApostoluS‚
726 3929 932 4003 Quum
962 3930 1295 4012 plenitudo
1321 3931 1609 4011 gentium
1642 3931 1834 3993 intra-

330 4031 515 4105 verit,
553 4037 706 4091 tunc
744 4029 954 4092 omnis
995 4028 1186 4090 lsrael
1235 4029 1448 4091 salvus
1489 4027 1622 4090 fiet.
1656 4027 1833 4091 Tunc

329 4127 500 4189 enim
545 4134 609 4188 et
635 4126 832 4189 Judaei
873 4134 1326 4190 convertentur
1360 4127 1438 4189 ad
1482 4126 1827 4190 Christum.

1942 3250 2148 3304 cetera
2183 3244 2397 3305 omnia
2433 3245 2829 3310 obscuranda
2858 3247 3172 3310 dicantur.
3210 3249 3282 3312 Et
3315 3250 3437 3314 hoc

1942 3340 2096 3403 dicit
2147 3341 2563 3425 Hieronymus
2609 3363 2625 3425 3
2682 3353 2747 3407 et
2804 3353 3009 3428 potest
3066 3348 3319 3424 salvari,
3384 3348 3437 3411 si

1943 3439 2333 3520 intelligatur
2390 3458 2505 3522 pro
2564 3442 2704 3524 ipso
2750 3452 3072 3508 momento
3130 3446 3439 3509 adventus

1944 3537 2173 3599 Christi
2212 3539 2291 3600 ad
2326 3537 2765 3619 judicandum,
2802 3550 2872 3604 ut
2912 3560 3105 3625 super
3141 3553 3439 3625 quartum

1944 3633 2410 3699 Sententiarum
2442 3635 2710 3700 Thomas
2750 3639 3002 3702 fatetur.
3038 3641 3267 3718 Tertio,
3303 3662 3441 3725 pos-

1943 3742 2095 3795 sunt
2122 3734 2235 3795 illa
2262 3734 2440 3815 signa
2468 3735 2760 3817 intelligi,
2795 3737 2883 3799 ita
2910 3740 3083 3820 quod
3112 3741 3228 3814 sol,
3261 3741 3435 3816 luna,

1945 3840 2007 3893 et
2048 3842 2255 3896 cetera
2302 3833 2642 3896 luminaria
2688 3835 2855 3911 coeli,
2900 3855 3011 3900 seu
3060 3846 3247 3914 astra,
3291 3857 3439 3903 vere

1947 3931 2011 3992 in
2052 3949 2118 3992 se
2168 3932 2324 4013 ipsis
2367 3930 2881 3997 obscurabuntur
2921 3936 2998 3998 ad
3042 3944 3317 4019 tempus,
3361 3939 3439 4000 ad

1945 4029 2386 4092 incutiendum
2434 4038 2738 4094 terrorem
2779 4032 3171 4110 hominibuS,
3219 4043 3288 4098 ut
3326 4035 3443 4099 Ra-

1944 4127 2148 4190 banus
2195 4127 2439 4190 asserit.
2484 4127 2559 4190 Et
2605 4129 2727 4192 hoc
2778 4130 2989 4213 ipsum
3038 4132 3309 4197 Thomas
3353 4135 3442 4197 al-

329 4221 623 4287 Secundo
661 4223 912 4286 videtur
959 4223 1053 4285 sic
1102 4241 1287 4305 posse
1325 4222 1617 4304 intelligi,
1659 4223 1830 4304 quod
1861 4229 1912 4292 D
1942 4226 2107 4307 legat
2141 4244 2218 4288 ac
2258 4226 2590 4308 approbat,
2634 4229 2805 4309 quod
2845 4229 2937 4291 nil
2978 4232 3275 4312 prohibet
3312 4234 3439 4297 dici

325 4320 677 4384 Jerusalem
735 4339 846 4382 seu
895 4320 1086 4383 Terra
1141 4328 1356 4384 sancta
1402 4340 1440 4384 a
1481 4321 1831 4402 gentilibus

329 4439 453 4482 non
499 4419 852 4494 conversiS‚
895 4426 1114 4501 utpote
1157 4419 1538 4494 SarraceniS,
1584 4420 1834 4483 inhabi-

327 4516 592 4590 tabitur,
633 4533 972 4598 quousque
1013 4524 1302 4599 tempora
1340 4517 1670 4581 nationum
1713 4519 1834 4580 im-

331 4615 650 4696 pleantur,
682 4614 804 4678 hoc
833 4623 948 4689 est,
970 4633 1308 4698 quousque
1338 4617 1551 4680 veniat
1580 4624 1832 4699 tempus

331 4712 778 4776 debellationis
837 4730 949 4774 seu
1006 4714 1402 4795 expulsionis
1458 4713 1833 4778 Sarraceno-

334 4829 471 4872 rum
503 4829 546 4872 a
573 4809 765 4872 Terra
791 4817 1018 4884 sancta,
1042 4818 1105 4873 et
1135 4811 1274 4893 ipsa
1303 4814 1600 4876 reddatur
1629 4813 1831 4876 cultui

333 4908 704 4972 christiano.

409 5007 654 5070 Deinde
700 5005 982 5071 Salvator
1029 5008 1415 5090 praenuntiat
1460 5010 1682 5073 mundi
1728 5027 1835 5072 ex-

338 5105 601 5180 cidium,
643 5113 708 5168 et
745 5105 925 5186 signa
973 5124 1360 5188 praecossura
1391 5109 1685 5188 generale
1731 5108 1837 5189 ju-

158 5207 218 5262 25
338 5203 604 5267 dicium.
627 5205 716 5266 Ec
743 5213 936 5266 erunt
963 5207 1154 5282 siyna
1183 5207 1256 5267 in
1285 5209 1436 5275 sole,
1463 5216 1525 5268 et
1555 5211 1746 5279 luna,
1776 5218 1837 5270 et

337 5305 561 5364 stellis.
590 5302 740 5376 Quae
781 5310 970 5366 erunt
1014 5304 1150 5368 haec
1199 5304 1400 5386 signa,
1443 5305 1510 5366 in
1549 5305 1834 5371 Matthaeo

597 5435 666 5488 T.
699 5436 782 5488 12.

1943 4325 2165 4399 solem,
2208 4325 2425 4386 lunam
2468 4333 2532 4387 et
2578 4325 2805 4402 sidera,
2848 4347 2964 4392 suo
3006 4329 3251 4394 lumine
3287 4339 3443 4396 tunc

1945 4441 2091 4485 vere
2137 4441 2277 4484 esse
2325 4423 2651 4505 privanda,
2701 4425 2787 4487 ita
2834 4428 3006 4507 quod
3052 4437 3242 4492 erunt
3287 4439 3442 4494 tunc

1945 4520 2358 4596 densissimoe,
2412 4528 2475 4583 et
2524 4522 2708 4603 quasi
2760 4523 3109 4606 palpabiles
3162 4529 3441 4593 tenebrae

1943 4618 2357 4681 ineffabiliter
2405 4619 2699 4682 horridae.
2743 4619 2931 4685 Porro
2974 4623 3171 4688 stellae
3222 4627 3443 4690 dicun-

1943 4725 2048 4780 tur
2095 4718 2173 4780 de
2228 4717 2389 4781 coelo
2448 4735 2707 4794 casuroe,
2762 4738 2889 4783 non
2949 4739 3119 4797 vere,
3174 4726 3284 4788 sed
3336 4744 3447 4808 ap-

1943 4823 2259 4897 parenter,
2305 4815 2459 4897 quia
2500 4823 2592 4879 tot
2638 4816 2839 4897 igneae
2888 4819 3323 4886 exhalationes
3371 4843 3447 4888 ac

1943 4913 2425 4977 scintillationes
2480 4914 2880 4996 apparebunt
2935 4924 2999 4980 et
3058 4918 3443 4986 descendent

1945 5013 2010 5075 in
2049 5031 2215 5088 aere,
2256 5013 2428 5094 quod
2466 5020 2633 5074 astra
2681 5015 2905 5076 cadere
2948 5015 3359 5082 videbuntur.

2027 5113 2110 5172 Ec
2152 5112 2227 5172 in
2266 5112 2456 5170 terris
2499 5111 2620 5172 erit
2670 5112 2921 5175 realiter
2952 5132 3259 5190 pressura
3290 5137 3444 5195 qen-

1949 5211 2133 5278 tium,
2156 5208 2277 5271 hoc
2305 5216 2400 5271 est
2428 5209 2719 5289 angustia
2747 5209 3103 5287 hominum,
3127 5215 3227 5278 vel
3259 5216 3451 5279 etiam

1949 5307 2336 5389 compressio
2366 5313 2588 5369 mutua
2616 5325 2693 5370 ex
2723 5310 3267 5390 superabundanti
3300 5333 3449 5380 con-

3133 5447 3197 5500 13
