<?xml version="1.0" encoding="UTF-8"?>
<!DOCTYPE html PUBLIC "-//W3C//DTD XHTML 1.0 Transitional//EN"
    "http://www.w3.org/TR/xhtml1/DTD/xhtml1-transitional.dtd">
<html xmlns="http://www.w3.org/1999/xhtml" xml:lang="en" lang="en">
 <head>
  <title>
</title>
<meta http-equiv="Content-Type" content="text/html;charset=utf-8" />
  <meta name='ocr-system' content='tesseract 3.04.00' />
  <meta name='ocr-capabilities' content='ocr_page ocr_carea ocr_par ocr_line ocrx_word'/>
</head>
<body>
  <div class='ocr_page' id='page_1' title='image "./doctorisecstati09unkngoog_0342.png"; bbox 0 0 4300 6259; ppageno 0'>
   <div class='ocr_carea' id='block_1_1' title="bbox 890 490 1011 557">
    <p class='ocr_par' dir='ltr' id='par_1_1' title="bbox 890 490 1011 557">
     <span class='ocr_line' id='line_1_1' title="bbox 890 490 1011 557; baseline 0.025 -3"><span class='ocrx_word' id='word_1_1' title='bbox 890 490 1011 557; x_wconf 78' lang='lat'><strong>270</strong></span> 
     </span>
    </p>
   </div>
   <div class='ocr_carea' id='block_1_2' title="bbox 1735 500 3152 553">
    <p class='ocr_par' dir='ltr' id='par_1_2' title="bbox 1735 500 3152 553">
     <span class='ocr_line' id='line_1_2' title="bbox 1735 500 3152 553; baseline 0 -1"><span class='ocrx_word' id='word_1_2' title='bbox 1735 504 2084 553; x_wconf 63' lang='lat' dir='ltr'><strong>sullanum</strong></span> <span class='ocrx_word' id='word_1_3' title='bbox 2124 502 2204 548; x_wconf 76' lang='lat' dir='ltr'><strong>m.</strong></span> <span class='ocrx_word' id='word_1_4' title='bbox 2229 500 2369 547; x_wconf 73' lang='lat' dir='ltr'><strong>cAP.</strong></span> <span class='ocrx_word' id='word_1_5' title='bbox 2415 500 2436 545; x_wconf 80' lang='lat'>1</span> <span class='ocrx_word' id='word_1_6' title='bbox 2478 500 2752 548; x_wconf 64' lang='lat' dir='ltr'><strong>soumis.</strong></span> <span class='ocrx_word' id='word_1_7' title='bbox 2798 522 2880 535; x_wconf 87' lang='lat'><strong>—·</strong></span> <span class='ocrx_word' id='word_1_8' title='bbox 2916 503 3058 551; x_wconf 70' lang='grc' dir='ltr'><strong>ΛΒΤ.</strong></span> <span class='ocrx_word' id='word_1_9' title='bbox 3105 504 3152 552; x_wconf 85' lang='grc' dir='ltr'><strong>Ῑῐ</strong></span> 
     </span>
    </p>
   </div>
   <div class='ocr_carea' id='block_1_3' title="bbox 888 669 3990 756">
    <p class='ocr_par' dir='ltr' id='par_1_3' title="bbox 888 669 3990 756">
     <span class='ocr_line' id='line_1_3' title="bbox 888 669 3990 756; baseline -0.001 -15"><span class='ocrx_word' id='word_1_10' title='bbox 888 679 1024 741; x_wconf 90' lang='lat' dir='ltr'><strong>lens</strong></span> <span class='ocrx_word' id='word_1_11' title='bbox 1065 678 1296 742; x_wconf 82' lang='lat' dir='ltr'>Christi</span> <span class='ocrx_word' id='word_1_12' title='bbox 1345 678 1739 742; x_wconf 85' lang='lat' dir='ltr'><strong>divinitatem</strong></span> <span class='ocrx_word' id='word_1_13' title='bbox 1785 676 2138 749; x_wconf 80' lang='lat' dir='ltr'><strong>ostendere,</strong></span> <span class='ocrx_word' id='word_1_14' title='bbox 2175 673 2385 756; x_wconf 87' lang='lat' dir='ltr'><strong>potius</strong></span> <span class='ocrx_word' id='word_1_15' title='bbox 2415 669 2464 731; x_wconf 87' lang='lat' dir='ltr'><strong>A</strong></span> <span class='ocrx_word' id='word_1_16' title='bbox 2497 672 2614 735; x_wconf 89' lang='lat' dir='ltr'><strong>hoc</strong></span> <span class='ocrx_word' id='word_1_17' title='bbox 2663 675 2844 735; x_wconf 92' lang='lat' dir='ltr'><strong>datus</strong></span> <span class='ocrx_word' id='word_1_18' title='bbox 2893 682 2991 736; x_wconf 90' lang='lat' dir='ltr'><strong>est</strong></span> <span class='ocrx_word' id='word_1_19' title='bbox 3037 675 3220 739; x_wconf 90' lang='lat' dir='ltr'><strong>nobis</strong></span> <span class='ocrx_word' id='word_1_20' title='bbox 3271 695 3498 750; x_wconf 89' lang='lat' dir='ltr'><strong>sermo,</strong></span> <span class='ocrx_word' id='word_1_21' title='bbox 3543 686 3616 740; x_wconf 91' lang='lat' dir='ltr'><strong>ut</strong></span> <span class='ocrx_word' id='word_1_22' title='bbox 3649 679 3855 740; x_wconf 89' lang='lat' dir='ltr'><strong>mutui</strong></span> <span class='ocrx_word' id='word_1_23' title='bbox 3901 686 3990 739; x_wconf 85' lang='lat' dir='ltr'><strong>at-</strong></span> 
     </span>
    </p>
   </div>
   <div class='ocr_carea' id='block_1_4' title="bbox 881 772 2388 1839">
    <p class='ocr_par' dir='ltr' id='par_1_4' title="bbox 881 772 2388 1839">
     <span class='ocr_line' id='line_1_4' title="bbox 890 772 2388 858; baseline -0.005 -19"><span class='ocrx_word' id='word_1_24' title='bbox 890 778 1089 839; x_wconf 91' lang='lat' dir='ltr'><strong>utitur</strong></span> <span class='ocrx_word' id='word_1_25' title='bbox 1118 778 1377 840; x_wconf 89' lang='lat' dir='ltr'><strong>nomine</strong></span> <span class='ocrx_word' id='word_1_26' title='bbox 1408 776 1586 840; x_wconf 88' lang='lat' dir='ltr'><strong>verbi</strong></span> <span class='ocrx_word' id='word_1_27' title='bbox 1626 794 1817 858; x_wconf 89' lang='lat' dir='ltr'><strong>quam</strong></span> <span class='ocrx_word' id='word_1_28' title='bbox 1858 773 2004 835; x_wconf 84' lang='lat' dir='ltr'><strong>filii.</strong></span> <span class='ocrx_word' id='word_1_29' title='bbox 2039 772 2242 853; x_wconf 84' lang='lat' dir='ltr'><strong>Hujus</strong></span> <span class='ocrx_word' id='word_1_30' title='bbox 2274 773 2388 834; x_wconf 91' lang='lat' dir='ltr'><strong>du-</strong></span> 
     </span>
     <span class='ocr_line' id='line_1_5' title="bbox 888 873 2388 960; baseline -0.006 -21"><span class='ocrx_word' id='word_1_31' title='bbox 888 878 1033 960; x_wconf 88' lang='lat' dir='ltr'><strong>plex</strong></span> <span class='ocrx_word' id='word_1_32' title='bbox 1084 886 1180 938; x_wconf 88' lang='lat' dir='ltr'><strong>est</strong></span> <span class='ocrx_word' id='word_1_33' title='bbox 1230 876 1387 938; x_wconf 91' lang='lat' dir='ltr'><strong>ratio</strong></span> <span class='ocrx_word' id='word_1_34' title='bbox 1430 894 1443 937; x_wconf 74' lang='grc' dir='ltr'>ε</span> <span class='ocrx_word' id='word_1_35' title='bbox 1490 875 1716 958; x_wconf 83' lang='lat' dir='ltr'><strong>Prima,</strong></span> <span class='ocrx_word' id='word_1_36' title='bbox 1752 881 1821 934; x_wconf 91' lang='lat' dir='ltr'><strong>ut</strong></span> <span class='ocrx_word' id='word_1_37' title='bbox 1870 873 2152 934; x_wconf 82' lang='lat' dir='ltr'><strong>insinuet</strong></span> <span class='ocrx_word' id='word_1_38' title='bbox 2199 887 2388 950; x_wconf 85' lang='lat' dir='ltr'><strong>gene-</strong></span> 
     </span>
     <span class='ocr_line' id='line_1_6' title="bbox 887 968 2380 1042; baseline -0.006 -5"><span class='ocrx_word' id='word_1_39' title='bbox 887 975 1193 1037; x_wconf 82' lang='lat' dir='ltr'><strong>rationem</strong></span> <span class='ocrx_word' id='word_1_40' title='bbox 1234 974 1299 1035; x_wconf 90' lang='lat' dir='ltr'><strong>in</strong></span> <span class='ocrx_word' id='word_1_41' title='bbox 1341 973 1577 1036; x_wconf 88' lang='lat' dir='ltr'><strong>divinis</strong></span> <span class='ocrx_word' id='word_1_42' title='bbox 1619 990 1745 1034; x_wconf 92' lang='lat' dir='ltr'><strong>non</strong></span> <span class='ocrx_word' id='word_1_43' title='bbox 1786 988 1924 1032; x_wconf 89' lang='lat' dir='ltr'><strong>esse</strong></span> <span class='ocrx_word' id='word_1_44' title='bbox 1967 968 2380 1042; x_wconf 79' lang='lat' dir='ltr'><strong>materialem,</strong></span> 
     </span>
     <span class='ocr_line' id='line_1_7' title="bbox 888 1066 2383 1147; baseline -0.007 -11"><span class='ocrx_word' id='word_1_45' title='bbox 888 1074 1226 1147; x_wconf 89' lang='lat' dir='ltr'><strong>carnalem,</strong></span> <span class='ocrx_word' id='word_1_46' title='bbox 1284 1089 1397 1133; x_wconf 93' lang='lat' dir='ltr'><strong>seu</strong></span> <span class='ocrx_word' id='word_1_47' title='bbox 1456 1069 1789 1132; x_wconf 88' lang='lat' dir='ltr'><strong>mutationi</strong></span> <span class='ocrx_word' id='word_1_48' title='bbox 1849 1068 2216 1140; x_wconf 85' lang='lat' dir='ltr'><strong>admixtam,</strong></span> <span class='ocrx_word' id='word_1_49' title='bbox 2273 1066 2383 1127; x_wconf 92' lang='lat' dir='ltr'><strong>sed</strong></span> 
     </span>
     <span class='ocr_line' id='line_1_8' title="bbox 886 1167 2382 1248; baseline -0.006 -15"><span class='ocrx_word' id='word_1_50' title='bbox 886 1170 1394 1245; x_wconf 84' lang='lat' dir='ltr'><strong>intellectualem,</strong></span> <span class='ocrx_word' id='word_1_51' title='bbox 1431 1167 1889 1235; x_wconf 84' lang='lat' dir='ltr'><strong>invariabilem.</strong></span> <span class='ocrx_word' id='word_1_52' title='bbox 1929 1167 2382 1248; x_wconf 82' lang='lat' dir='ltr'><strong>immanentem</strong></span> 
     </span>
     <span class='ocr_line' id='line_1_9' title="bbox 884 1262 2383 1351; baseline -0.006 -20"><span class='ocrx_word' id='word_1_53' title='bbox 884 1288 957 1331; x_wconf 91' lang='lat' dir='ltr'><strong>ac</strong></span> <span class='ocrx_word' id='word_1_54' title='bbox 1004 1268 1364 1351; x_wconf 83' lang='lat' dir='ltr'><strong>simplicem</strong></span> <span class='ocrx_word' id='word_1_55' title='bbox 1400 1286 1413 1329; x_wconf 91' lang='lat'>:</span> <span class='ocrx_word' id='word_1_56' title='bbox 1449 1266 1751 1349; x_wconf 88' lang='lat' dir='ltr'><strong>quoniam</strong></span> <span class='ocrx_word' id='word_1_57' title='bbox 1805 1265 2072 1328; x_wconf 89' lang='lat' dir='ltr'><strong>verbum</strong></span> <span class='ocrx_word' id='word_1_58' title='bbox 2125 1262 2383 1345; x_wconf 77' lang='lat' dir='ltr'><strong>proprie</strong></span> 
     </span>
     <span class='ocr_line' id='line_1_10' title="bbox 885 1363 2378 1449; baseline -0.005 -20"><span class='ocrx_word' id='word_1_59' title='bbox 885 1375 1235 1449; x_wconf 91' lang='lat' dir='ltr'><strong>sumptum,</strong></span> <span class='ocrx_word' id='word_1_60' title='bbox 1270 1374 1366 1429; x_wconf 91' lang='lat' dir='ltr'><strong>est</strong></span> <span class='ocrx_word' id='word_1_61' title='bbox 1414 1366 1679 1429; x_wconf 88' lang='lat' dir='ltr'><strong>interior</strong></span> <span class='ocrx_word' id='word_1_62' title='bbox 1727 1363 1959 1426; x_wconf 89' lang='lat' dir='ltr'><strong>mentis</strong></span> <span class='ocrx_word' id='word_1_63' title='bbox 2008 1368 2378 1443; x_wconf 84' lang='lat' dir='ltr'><strong>conceptuS,</strong></span> 
     </span>
     <span class='ocr_line' id='line_1_11' title="bbox 883 1460 2381 1546; baseline -0.005 -19"><span class='ocrx_word' id='word_1_64' title='bbox 883 1465 1305 1546; x_wconf 90' lang='lat' dir='ltr'><strong>intelligibilis</strong></span> <span class='ocrx_word' id='word_1_65' title='bbox 1338 1465 1551 1538; x_wconf 91' lang='lat' dir='ltr'><strong>dictio,</strong></span> <span class='ocrx_word' id='word_1_66' title='bbox 1584 1470 1775 1544; x_wconf 90' lang='lat' dir='ltr'><strong>atque</strong></span> <span class='ocrx_word' id='word_1_67' title='bbox 1808 1462 2047 1544; x_wconf 91' lang='lat' dir='ltr'><strong>prolata</strong></span> <span class='ocrx_word' id='word_1_68' title='bbox 2076 1460 2248 1521; x_wconf 91' lang='lat' dir='ltr'><strong>intus</strong></span> <span class='ocrx_word' id='word_1_69' title='bbox 2280 1477 2381 1521; x_wconf 92' lang='lat' dir='ltr'><strong>no-</strong></span> 
     </span>
     <span class='ocr_line' id='line_1_12' title="bbox 881 1561 2382 1643; baseline -0.006 -17"><span class='ocrx_word' id='word_1_70' title='bbox 881 1565 1039 1627; x_wconf 88' lang='lat' dir='ltr'><strong>titia.</strong></span> <span class='ocrx_word' id='word_1_71' title='bbox 1074 1564 1211 1625; x_wconf 84' lang='lat' dir='ltr'><strong>Alia</strong></span> <span class='ocrx_word' id='word_1_72' title='bbox 1256 1564 1414 1626; x_wconf 90' lang='lat' dir='ltr'><strong>ratio</strong></span> <span class='ocrx_word' id='word_1_73' title='bbox 1464 1569 1578 1635; x_wconf 90' lang='lat' dir='ltr'><strong>est,</strong></span> <span class='ocrx_word' id='word_1_74' title='bbox 1613 1561 1917 1643; x_wconf 89' lang='lat' dir='ltr'><strong>quoniam</strong></span> <span class='ocrx_word' id='word_1_75' title='bbox 1968 1576 2200 1622; x_wconf 88' lang='lat' dir='ltr'><strong>nomen</strong></span> <span class='ocrx_word' id='word_1_76' title='bbox 2246 1575 2382 1619; x_wconf 87' lang='lat' dir='ltr'><strong>ver-</strong></span> 
     </span>
     <span class='ocr_line' id='line_1_13' title="bbox 881 1658 2376 1744; baseline -0.006 -19"><span class='ocrx_word' id='word_1_77' title='bbox 881 1663 947 1725; x_wconf 92' lang='lat' dir='ltr'><strong>bi</strong></span> <span class='ocrx_word' id='word_1_78' title='bbox 1006 1663 1204 1744; x_wconf 87' lang='lat' dir='ltr'><strong>magis</strong></span> <span class='ocrx_word' id='word_1_79' title='bbox 1266 1661 1539 1743; x_wconf 87' lang='lat' dir='ltr'><strong>pertinet</strong></span> <span class='ocrx_word' id='word_1_80' title='bbox 1594 1661 1671 1722; x_wconf 91' lang='lat' dir='ltr'><strong>ad</strong></span> <span class='ocrx_word' id='word_1_81' title='bbox 1730 1658 2126 1741; x_wconf 88' lang='lat' dir='ltr'><strong>propositum</strong></span> <span class='ocrx_word' id='word_1_82' title='bbox 2185 1675 2376 1738; x_wconf 92' lang='lat' dir='ltr'><strong>quam</strong></span> 
     </span>
     <span class='ocr_line' id='line_1_14' title="bbox 881 1756 2380 1839; baseline -0.005 -15"><span class='ocrx_word' id='word_1_83' title='bbox 881 1781 1112 1826; x_wconf 88' lang='lat' dir='ltr'><strong>nomen</strong></span> <span class='ocrx_word' id='word_1_84' title='bbox 1162 1760 1307 1822; x_wconf 85' lang='lat' dir='ltr'><strong>filii.</strong></span> <span class='ocrx_word' id='word_1_85' title='bbox 1353 1759 1547 1821; x_wconf 83' lang='lat' dir='ltr'><strong>Filius</strong></span> <span class='ocrx_word' id='word_1_86' title='bbox 1598 1776 1875 1839; x_wconf 90' lang='lat' dir='ltr'><strong>namque</strong></span> <span class='ocrx_word' id='word_1_87' title='bbox 1924 1756 2078 1819; x_wconf 91' lang='lat' dir='ltr'><strong>dicit</strong></span> <span class='ocrx_word' id='word_1_88' title='bbox 2124 1774 2380 1837; x_wconf 90' lang='lat' dir='ltr'><strong>compa-</strong></span> 
     </span>
    </p>
   </div>
   <div class='ocr_carea' id='block_1_5' title="bbox 2489 771 3991 1851">
    <p class='ocr_par' dir='ltr' id='par_1_5' title="bbox 2489 771 3991 1851">
     <span class='ocr_line' id='line_1_15' title="bbox 2494 771 3989 857; baseline 0.003 -25"><span class='ocrx_word' id='word_1_89' title='bbox 2494 790 2620 853; x_wconf 91' lang='lat' dir='ltr'><strong>que</strong></span> <span class='ocrx_word' id='word_1_90' title='bbox 2650 771 2969 837; x_wconf 87' lang='lat' dir='ltr'><strong>interioris</strong></span> <span class='ocrx_word' id='word_1_91' title='bbox 3000 784 3342 857; x_wconf 89' lang='lat' dir='ltr'><strong>conceptus</strong></span> <span class='ocrx_word' id='word_1_92' title='bbox 3372 776 3533 839; x_wconf 84' lang='lat' dir='ltr'><strong>fiant</strong></span> <span class='ocrx_word' id='word_1_93' title='bbox 3561 777 3815 839; x_wconf 89' lang='lat' dir='ltr'><strong>indicia.</strong></span> <span class='ocrx_word' id='word_1_94' title='bbox 3841 777 3989 839; x_wconf 80' lang='lat' dir='ltr'><strong>&#39;l&#39;er-</strong></span> 
     </span>
     <span class='ocr_line' id='line_1_16' title="bbox 2495 871 3986 957; baseline 0.005 -26"><span class='ocrx_word' id='word_1_95' title='bbox 2495 871 2603 943; x_wconf 86' lang='lat' dir='ltr'><strong>tio,</strong></span> <span class='ocrx_word' id='word_1_96' title='bbox 2669 889 2785 952; x_wconf 90' lang='lat' dir='ltr'><strong>pro</strong></span> <span class='ocrx_word' id='word_1_97' title='bbox 2852 873 3303 953; x_wconf 83' lang='lat' dir='ltr'><strong>imaginatione</strong></span> <span class='ocrx_word' id='word_1_98' title='bbox 3372 875 3565 938; x_wconf 88' lang='lat' dir='ltr'><strong>vocis.</strong></span> <span class='ocrx_word' id='word_1_99' title='bbox 3631 877 3986 957; x_wconf 81' lang='lat' dir='ltr'><strong>Antequam</strong></span> 
     </span>
     <span class='ocr_line' id='line_1_17' title="bbox 2493 970 3989 1057; baseline 0.004 -27"><span class='ocrx_word' id='word_1_100' title='bbox 2493 970 2666 1031; x_wconf 90' lang='lat' dir='ltr'><strong>enim</strong></span> <span class='ocrx_word' id='word_1_101' title='bbox 2707 971 2980 1033; x_wconf 83' lang='lat' dir='ltr'><strong>mentale</strong></span> <span class='ocrx_word' id='word_1_102' title='bbox 3011 973 3276 1035; x_wconf 86' lang='lat' dir='ltr'><strong>verbum</strong></span> <span class='ocrx_word' id='word_1_103' title='bbox 3313 974 3507 1037; x_wconf 88' lang='lat' dir='ltr'><strong>verbo</strong></span> <span class='ocrx_word' id='word_1_104' title='bbox 3539 975 3737 1038; x_wconf 84' lang='lat' dir='ltr'><strong>vocali</strong></span> <span class='ocrx_word' id='word_1_105' title='bbox 3777 976 3989 1057; x_wconf 85' lang='lat' dir='ltr'><strong>expri-</strong></span> 
     </span>
     <span class='ocr_line' id='line_1_18' title="bbox 2496 1067 3991 1143; baseline 0.004 -15"><span class='ocrx_word' id='word_1_106' title='bbox 2496 1068 2710 1143; x_wconf 90' lang='lat' dir='ltr'><strong>mitur,</strong></span> <span class='ocrx_word' id='word_1_107' title='bbox 2744 1067 3055 1131; x_wconf 81' lang='lat' dir='ltr'><strong>formatur</strong></span> <span class='ocrx_word' id='word_1_108' title='bbox 3084 1072 3148 1133; x_wconf 94' lang='lat' dir='ltr'><strong>in</strong></span> <span class='ocrx_word' id='word_1_109' title='bbox 3182 1090 3371 1133; x_wconf 91' lang='lat' dir='ltr'><strong>sensu</strong></span> <span class='ocrx_word' id='word_1_110' title='bbox 3403 1072 3686 1136; x_wconf 88' lang='lat' dir='ltr'><strong>interiori</strong></span> <span class='ocrx_word' id='word_1_111' title='bbox 3719 1091 3832 1135; x_wconf 88' lang='lat' dir='ltr'><strong>seu</strong></span> <span class='ocrx_word' id='word_1_112' title='bbox 3863 1074 3991 1134; x_wconf 86' lang='lat' dir='ltr'><strong>vir—</strong></span> 
     </span>
     <span class='ocr_line' id='line_1_19' title="bbox 2494 1167 3990 1254; baseline 0.004 -27"><span class='ocrx_word' id='word_1_113' title='bbox 2494 1173 2626 1227; x_wconf 90' lang='lat' dir='ltr'><strong>tute</strong></span> <span class='ocrx_word' id='word_1_114' title='bbox 2667 1167 3090 1248; x_wconf 89' lang='lat' dir='ltr'><strong>imaginativa,</strong></span> <span class='ocrx_word' id='word_1_115' title='bbox 3127 1169 3490 1251; x_wconf 82' lang='lat' dir='ltr'><strong>imaginatio</strong></span> <span class='ocrx_word' id='word_1_116' title='bbox 3527 1172 3814 1254; x_wconf 86' lang='lat' dir='ltr'><strong>quaedam</strong></span> <span class='ocrx_word' id='word_1_117' title='bbox 3857 1192 3990 1234; x_wconf 82' lang='lat' dir='ltr'><strong>ver-</strong></span> 
     </span>
     <span class='ocr_line' id='line_1_20' title="bbox 2491 1264 3990 1351; baseline 0.005 -26"><span class='ocrx_word' id='word_1_118' title='bbox 2491 1264 2558 1325; x_wconf 92' lang='lat' dir='ltr'><strong>bi</strong></span> <span class='ocrx_word' id='word_1_119' title='bbox 2600 1266 2854 1341; x_wconf 80' lang='lat' dir='ltr'><strong>vocaliS‚</strong></span> <span class='ocrx_word' id='word_1_120' title='bbox 2899 1285 2976 1329; x_wconf 89' lang='lat' dir='ltr'><strong>ex</strong></span> <span class='ocrx_word' id='word_1_121' title='bbox 3025 1287 3154 1350; x_wconf 90' lang='lat' dir='ltr'><strong>qua</strong></span> <span class='ocrx_word' id='word_1_122' title='bbox 3199 1269 3357 1332; x_wconf 92' lang='lat' dir='ltr'><strong>illud</strong></span> <span class='ocrx_word' id='word_1_123' title='bbox 3409 1272 3709 1351; x_wconf 85' lang='lat' dir='ltr'><strong>procedit.</strong></span> <span class='ocrx_word' id='word_1_124' title='bbox 3753 1272 3888 1336; x_wconf 87' lang='lat' dir='ltr'><strong>Imo</strong></span> <span class='ocrx_word' id='word_1_125' title='bbox 3926 1280 3990 1333; x_wconf 91' lang='lat' dir='ltr'><strong>et</strong></span> 
     </span>
     <span class='ocr_line' id='line_1_21' title="bbox 2491 1367 3988 1450; baseline 0.005 -27"><span class='ocrx_word' id='word_1_126' title='bbox 2491 1371 2831 1446; x_wconf 86' lang='lat' dir='ltr'><strong>antequam</strong></span> <span class='ocrx_word' id='word_1_127' title='bbox 2891 1383 2966 1427; x_wconf 86' lang='lat' dir='ltr'><strong>ex</strong></span> <span class='ocrx_word' id='word_1_128' title='bbox 3027 1367 3246 1429; x_wconf 90' lang='lat' dir='ltr'><strong>auditu</strong></span> <span class='ocrx_word' id='word_1_129' title='bbox 3307 1368 3482 1431; x_wconf 88' lang='lat' dir='ltr'><strong>verbi</strong></span> <span class='ocrx_word' id='word_1_130' title='bbox 3547 1369 3781 1432; x_wconf 89' lang='lat' dir='ltr'><strong>vocalis</strong></span> <span class='ocrx_word' id='word_1_131' title='bbox 3843 1371 3988 1450; x_wconf 88' lang='lat' dir='ltr'><strong>ejus</strong></span> 
     </span>
     <span class='ocr_line' id='line_1_22' title="bbox 2493 1462 3989 1544; baseline 0.005 -21"><span class='ocrx_word' id='word_1_132' title='bbox 2493 1462 2603 1542; x_wconf 92' lang='lat' dir='ltr'><strong>qui</strong></span> <span class='ocrx_word' id='word_1_133' title='bbox 2650 1462 2952 1544; x_wconf 92' lang='lat' dir='ltr'><strong>loquitur,</strong></span> <span class='ocrx_word' id='word_1_134' title='bbox 2997 1464 3262 1527; x_wconf 84' lang='lat' dir='ltr'><strong>verbum</strong></span> <span class='ocrx_word' id='word_1_135' title='bbox 3313 1466 3587 1529; x_wconf 87' lang='lat' dir='ltr'><strong>mentale</strong></span> <span class='ocrx_word' id='word_1_136' title='bbox 3630 1468 3691 1529; x_wconf 89' lang='lat' dir='ltr'><strong>in</strong></span> <span class='ocrx_word' id='word_1_137' title='bbox 3740 1469 3989 1531; x_wconf 88' lang='lat' dir='ltr'><strong>intelle·-</strong></span> 
     </span>
     <span class='ocr_line' id='line_1_23' title="bbox 2493 1562 3990 1650; baseline 0.006 -30"><span class='ocrx_word' id='word_1_138' title='bbox 2493 1568 2598 1621; x_wconf 89' lang='lat' dir='ltr'><strong>ctu</strong></span> <span class='ocrx_word' id='word_1_139' title='bbox 2633 1562 2949 1624; x_wconf 89' lang='lat' dir='ltr'><strong>audientis</strong></span> <span class='ocrx_word' id='word_1_140' title='bbox 2989 1564 3368 1645; x_wconf 90' lang='lat' dir='ltr'><strong>concipitur,</strong></span> <span class='ocrx_word' id='word_1_141' title='bbox 3398 1574 3736 1646; x_wconf 89' lang='lat' dir='ltr'><strong>generatur</strong></span> <span class='ocrx_word' id='word_1_142' title='bbox 3767 1567 3832 1629; x_wconf 90' lang='lat' dir='ltr'><strong>in</strong></span> <span class='ocrx_word' id='word_1_143' title='bbox 3875 1588 3990 1650; x_wconf 89' lang='lat' dir='ltr'><strong>po-</strong></span> 
     </span>
     <span class='ocr_line' id='line_1_24' title="bbox 2489 1659 3984 1744; baseline 0.005 -24"><span class='ocrx_word' id='word_1_144' title='bbox 2489 1659 2686 1721; x_wconf 90' lang='lat' dir='ltr'><strong>tentia</strong></span> <span class='ocrx_word' id='word_1_145' title='bbox 2727 1660 3132 1741; x_wconf 86' lang='lat' dir='ltr'><strong>imaginativa</strong></span> <span class='ocrx_word' id='word_1_146' title='bbox 3170 1662 3366 1737; x_wconf 86' lang='lat' dir='ltr'><strong>illius,</strong></span> <span class='ocrx_word' id='word_1_147' title='bbox 3399 1664 3762 1744; x_wconf 87' lang='lat' dir='ltr'><strong>imaginatio</strong></span> <span class='ocrx_word' id='word_1_148' title='bbox 3801 1667 3984 1728; x_wconf 87' lang='lat' dir='ltr'><strong>verbi</strong></span> 
     </span>
     <span class='ocr_line' id='line_1_25' title="bbox 2490 1756 3989 1851; baseline 0.005 -33"><span class='ocrx_word' id='word_1_149' title='bbox 2490 1756 2744 1831; x_wconf 83' lang='lat' dir='ltr'><strong>vocaliS,</strong></span> <span class='ocrx_word' id='word_1_150' title='bbox 2801 1776 2877 1819; x_wconf 90' lang='lat' dir='ltr'><strong>ex</strong></span> <span class='ocrx_word' id='word_1_151' title='bbox 2925 1778 3053 1840; x_wconf 88' lang='lat' dir='ltr'><strong>qua</strong></span> <span class='ocrx_word' id='word_1_152' title='bbox 3111 1761 3376 1851; x_wconf 84' lang='lat' dir='ltr'><strong>verbum</strong></span> <span class='ocrx_word' id='word_1_153' title='bbox 3435 1762 3708 1823; x_wconf 87' lang='lat' dir='ltr'><strong>mentale</strong></span> <span class='ocrx_word' id='word_1_154' title='bbox 3765 1783 3989 1844; x_wconf 86' lang='lat' dir='ltr'><strong>proce—</strong></span> 
     </span>
    </p>
   </div>
   <div class='ocr_carea' id='block_1_6' title="bbox 880 1854 3988 1938">
    <p class='ocr_par' dir='ltr' id='par_1_6' title="bbox 880 1854 3988 1938">
     <span class='ocr_line' id='line_1_26' title="bbox 880 1854 3988 1938; baseline 0 -15"><span class='ocrx_word' id='word_1_155' title='bbox 880 1861 1189 1924; x_wconf 87' lang='lat' dir='ltr'><strong>rationem</strong></span> <span class='ocrx_word' id='word_1_156' title='bbox 1249 1860 1573 1921; x_wconf 88' lang='lat' dir='ltr'><strong>dumtaxat</strong></span> <span class='ocrx_word' id='word_1_157' title='bbox 1628 1858 1705 1919; x_wconf 91' lang='lat' dir='ltr'><strong>ad</strong></span> <span class='ocrx_word' id='word_1_158' title='bbox 1759 1864 2054 1938; x_wconf 82' lang='lat' dir='ltr'><strong>patrem3</strong></span> <span class='ocrx_word' id='word_1_159' title='bbox 2108 1854 2377 1917; x_wconf 81' lang='lat' dir='ltr'><strong>verbum</strong></span> <span class='ocrx_word' id='word_1_160' title='bbox 2415 1856 2460 1919; x_wconf 91' lang='lat' dir='ltr'><strong>B</strong></span> <span class='ocrx_word' id='word_1_161' title='bbox 2489 1856 2628 1917; x_wconf 92' lang='lat' dir='ltr'><strong>dit:</strong></span> <span class='ocrx_word' id='word_1_162' title='bbox 2663 1857 2815 1938; x_wconf 90' lang='lat' dir='ltr'><strong>quia</strong></span> <span class='ocrx_word' id='word_1_163' title='bbox 2863 1860 3214 1920; x_wconf 90' lang='lat' dir='ltr'><strong>secundum</strong></span> <span class='ocrx_word' id='word_1_164' title='bbox 3261 1858 3567 1933; x_wconf 89' lang='lat' dir='ltr'><strong>Boetium,</strong></span> <span class='ocrx_word' id='word_1_165' title='bbox 3611 1861 3778 1923; x_wconf 88' lang='lat' dir='ltr'><strong>sicut</strong></span> <span class='ocrx_word' id='word_1_166' title='bbox 3825 1862 3988 1923; x_wconf 89' lang='lat' dir='ltr'><strong>ima-</strong></span> 
     </span>
    </p>
   </div>
   <div class='ocr_carea' id='block_1_7' title="bbox 850 1959 2379 3030">
    <p class='ocr_par' dir='ltr' id='par_1_7' title="bbox 850 1959 2379 3030">
     <span class='ocr_line' id='line_1_27' title="bbox 878 1959 2375 2040; baseline -0.006 -18"><span class='ocrx_word' id='word_1_167' title='bbox 878 1969 1090 2022; x_wconf 91' lang='lat' dir='ltr'><strong>autem</strong></span> <span class='ocrx_word' id='word_1_168' title='bbox 1151 1959 1449 2040; x_wconf 88' lang='lat' dir='ltr'><strong>importat</strong></span> <span class='ocrx_word' id='word_1_169' title='bbox 1510 1961 1890 2037; x_wconf 87' lang='lat' dir='ltr'><strong>respectum,</strong></span> <span class='ocrx_word' id='word_1_170' title='bbox 1944 1972 2070 2017; x_wconf 92' lang='lat' dir='ltr'><strong>non</strong></span> <span class='ocrx_word' id='word_1_171' title='bbox 2132 1960 2375 2015; x_wconf 91' lang='lat' dir='ltr'><strong>tantum</strong></span> 
     </span>
     <span class='ocr_line' id='line_1_28' title="bbox 878 2053 2377 2141; baseline -0.007 -18"><span class='ocrx_word' id='word_1_172' title='bbox 878 2060 959 2123; x_wconf 87' lang='lat' dir='ltr'><strong>ad</strong></span> <span class='ocrx_word' id='word_1_173' title='bbox 989 2056 1441 2141; x_wconf 79' lang='lat' dir='ltr'><strong>proferentem,</strong></span> <span class='ocrx_word' id='word_1_174' title='bbox 1477 2056 1586 2117; x_wconf 89' lang='lat' dir='ltr'><strong>sed</strong></span> <span class='ocrx_word' id='word_1_175' title='bbox 1625 2055 1814 2117; x_wconf 88' lang='lat' dir='ltr'><strong>etiam</strong></span> <span class='ocrx_word' id='word_1_176' title='bbox 1846 2054 1923 2115; x_wconf 91' lang='lat' dir='ltr'><strong>ad</strong></span> <span class='ocrx_word' id='word_1_177' title='bbox 1962 2053 2025 2115; x_wconf 94' lang='lat' dir='ltr'><strong>id</strong></span> <span class='ocrx_word' id='word_1_178' title='bbox 2055 2053 2228 2134; x_wconf 91' lang='lat' dir='ltr'><strong>quod</strong></span> <span class='ocrx_word' id='word_1_179' title='bbox 2265 2069 2377 2133; x_wconf 90' lang='lat' dir='ltr'><strong>per</strong></span> 
     </span>
     <span class='ocr_line' id='line_1_29' title="bbox 880 2153 2376 2236; baseline -0.006 -16"><span class='ocrx_word' id='word_1_180' title='bbox 880 2158 1150 2221; x_wconf 86' lang='lat' dir='ltr'><strong>verbum</strong></span> <span class='ocrx_word' id='word_1_181' title='bbox 1218 2153 1619 2236; x_wconf 86' lang='lat' dir='ltr'><strong>exprimitur,</strong></span> <span class='ocrx_word' id='word_1_182' title='bbox 1686 2153 1765 2214; x_wconf 89' lang='lat' dir='ltr'><strong>ad</strong></span> <span class='ocrx_word' id='word_1_183' title='bbox 1830 2169 2049 2216; x_wconf 87' lang='lat' dir='ltr'><strong>vocem</strong></span> <span class='ocrx_word' id='word_1_184' title='bbox 2115 2168 2376 2233; x_wconf 88' lang='lat' dir='ltr'><strong>quoque</strong></span> 
     </span>
     <span class='ocr_line' id='line_1_30' title="bbox 877 2250 2377 2340; baseline -0.005 -21"><span class='ocrx_word' id='word_1_185' title='bbox 877 2275 1070 2340; x_wconf 91' lang='lat' dir='ltr'><strong>quam</strong></span> <span class='ocrx_word' id='word_1_186' title='bbox 1137 2254 1369 2327; x_wconf 90' lang='lat' dir='ltr'><strong>induit,</strong></span> <span class='ocrx_word' id='word_1_187' title='bbox 1431 2259 1493 2315; x_wconf 91' lang='lat' dir='ltr'><strong>et</strong></span> <span class='ocrx_word' id='word_1_188' title='bbox 1548 2252 1627 2313; x_wconf 90' lang='lat' dir='ltr'><strong>ad</strong></span> <span class='ocrx_word' id='word_1_189' title='bbox 1689 2250 2174 2313; x_wconf 90' lang='lat' dir='ltr'><strong>instructionem</strong></span> <span class='ocrx_word' id='word_1_190' title='bbox 2232 2268 2377 2332; x_wconf 66' lang='lat' dir='ltr'><strong>quae</strong></span> 
     </span>
     <span class='ocr_line' id='line_1_31' title="bbox 878 2348 2379 2438; baseline -0.005 -20"><span class='ocrx_word' id='word_1_191' title='bbox 878 2374 993 2438; x_wconf 92' lang='lat' dir='ltr'><strong>per</strong></span> <span class='ocrx_word' id='word_1_192' title='bbox 1032 2356 1243 2437; x_wconf 88' lang='lat' dir='ltr'><strong>ipsum</strong></span> <span class='ocrx_word' id='word_1_193' title='bbox 1285 2352 1351 2414; x_wconf 93' lang='lat' dir='ltr'><strong>in</strong></span> <span class='ocrx_word' id='word_1_194' title='bbox 1393 2352 1518 2414; x_wconf 86' lang='lat' dir='ltr'><strong>alio</strong></span> <span class='ocrx_word' id='word_1_195' title='bbox 1557 2349 1655 2412; x_wconf 85' lang='lat' dir='ltr'><strong>sit.</strong></span> <span class='ocrx_word' id='word_1_196' title='bbox 1697 2349 1902 2422; x_wconf 87' lang='lat' dir='ltr'><strong>Quum</strong></span> <span class='ocrx_word' id='word_1_197' title='bbox 1948 2349 2141 2430; x_wconf 88' lang='lat' dir='ltr'><strong>igitur</strong></span> <span class='ocrx_word' id='word_1_198' title='bbox 2180 2348 2379 2411; x_wconf 85' lang='lat' dir='ltr'><strong>Evan-</strong></span> 
     </span>
     <span class='ocr_line' id='line_1_32' title="bbox 873 2448 2376 2536; baseline -0.006 -19"><span class='ocrx_word' id='word_1_199' title='bbox 873 2454 1100 2536; x_wconf 84' lang='lat' dir='ltr'><strong>gelista</strong></span> <span class='ocrx_word' id='word_1_200' title='bbox 1146 2469 1318 2515; x_wconf 88' lang='lat' dir='ltr'><strong>nunc</strong></span> <span class='ocrx_word' id='word_1_201' title='bbox 1358 2458 1577 2512; x_wconf 88' lang='lat' dir='ltr'><strong>tractet</strong></span> <span class='ocrx_word' id='word_1_202' title='bbox 1618 2449 1695 2511; x_wconf 92' lang='lat' dir='ltr'><strong>de</strong></span> <span class='ocrx_word' id='word_1_203' title='bbox 1736 2448 1916 2522; x_wconf 88' lang='lat' dir='ltr'><strong>Filio,</strong></span> <span class='ocrx_word' id='word_1_204' title='bbox 1951 2467 2076 2511; x_wconf 91' lang='lat' dir='ltr'><strong>non</strong></span> <span class='ocrx_word' id='word_1_205' title='bbox 2129 2448 2376 2510; x_wconf 85' lang='lat' dir='ltr'><strong>dumta-</strong></span> 
     </span>
     <span class='ocr_line' id='line_1_33' title="bbox 879 2547 2376 2628; baseline -0.006 -13"><span class='ocrx_word' id='word_1_206' title='bbox 879 2560 981 2616; x_wconf 90' lang='lat' dir='ltr'><strong>xat</strong></span> <span class='ocrx_word' id='word_1_207' title='bbox 1021 2554 1086 2614; x_wconf 89' lang='lat' dir='ltr'><strong>in</strong></span> <span class='ocrx_word' id='word_1_208' title='bbox 1127 2552 1350 2615; x_wconf 90' lang='lat' dir='ltr'><strong>ordine</strong></span> <span class='ocrx_word' id='word_1_209' title='bbox 1388 2550 1466 2611; x_wconf 90' lang='lat' dir='ltr'><strong>ad</strong></span> <span class='ocrx_word' id='word_1_210' title='bbox 1505 2548 1771 2621; x_wconf 89' lang='lat' dir='ltr'><strong>Patrem,</strong></span> <span class='ocrx_word' id='word_1_211' title='bbox 1806 2548 1915 2608; x_wconf 91' lang='lat' dir='ltr'><strong>sed</strong></span> <span class='ocrx_word' id='word_1_212' title='bbox 1956 2547 2222 2628; x_wconf 89' lang='lat' dir='ltr'><strong>insuper</strong></span> <span class='ocrx_word' id='word_1_213' title='bbox 2263 2564 2376 2628; x_wconf 89' lang='lat' dir='ltr'><strong>per</strong></span> 
     </span>
     <span class='ocr_line' id='line_1_34' title="bbox 876 2643 2376 2733; baseline -0.004 -20"><span class='ocrx_word' id='word_1_214' title='bbox 876 2650 1412 2733; x_wconf 88' lang='lat' dir='ltr'><strong>comparationem</strong></span> <span class='ocrx_word' id='word_1_215' title='bbox 1452 2647 1530 2709; x_wconf 90' lang='lat' dir='ltr'><strong>ad</strong></span> <span class='ocrx_word' id='word_1_216' title='bbox 1571 2654 1778 2709; x_wconf 88' lang='lat' dir='ltr'><strong>creata</strong></span> <span class='ocrx_word' id='word_1_217' title='bbox 1816 2664 1959 2728; x_wconf 83' lang='lat' dir='ltr'><strong>quae</strong></span> <span class='ocrx_word' id='word_1_218' title='bbox 1998 2643 2152 2707; x_wconf 83' lang='lat' dir='ltr'><strong>fecit</strong></span> <span class='ocrx_word' id='word_1_219' title='bbox 2181 2653 2242 2707; x_wconf 91' lang='lat' dir='ltr'><strong>et</strong></span> <span class='ocrx_word' id='word_1_220' title='bbox 2283 2664 2376 2707; x_wconf 89' lang='lat' dir='ltr'><strong>re-</strong></span> 
     </span>
     <span class='ocr_line' id='line_1_35' title="bbox 874 2744 2378 2832; baseline -0.005 -19"><span class='ocrx_word' id='word_1_221' title='bbox 874 2750 987 2831; x_wconf 88' lang='lat' dir='ltr'><strong>git,</strong></span> <span class='ocrx_word' id='word_1_222' title='bbox 1044 2748 1525 2832; x_wconf 82' lang='lat' dir='ltr'><strong>praesertimque</strong></span> <span class='ocrx_word' id='word_1_223' title='bbox 1581 2746 1660 2806; x_wconf 90' lang='lat' dir='ltr'><strong>ad</strong></span> <span class='ocrx_word' id='word_1_224' title='bbox 1710 2744 2001 2807; x_wconf 89' lang='lat' dir='ltr'><strong>homines</strong></span> <span class='ocrx_word' id='word_1_225' title='bbox 2059 2763 2221 2825; x_wconf 91' lang='lat' dir='ltr'><strong>quos</strong></span> <span class='ocrx_word' id='word_1_226' title='bbox 2281 2762 2378 2806; x_wconf 91' lang='lat' dir='ltr'><strong>re-</strong></span> 
     </span>
     <span class='ocr_line' id='line_1_36' title="bbox 850 2849 2378 2925; baseline -0.005 -13"><span class='ocrx_word' id='word_1_227' title='bbox 850 2849 1093 2923; x_wconf 90' lang='lat' dir='ltr'><strong>·demit‚</strong></span> <span class='ocrx_word' id='word_1_228' title='bbox 1146 2849 1223 2909; x_wconf 88' lang='lat' dir='ltr'><strong>ad</strong></span> <span class='ocrx_word' id='word_1_229' title='bbox 1271 2863 1524 2909; x_wconf 88' lang='lat' dir='ltr'><strong>carnem</strong></span> <span class='ocrx_word' id='word_1_230' title='bbox 1580 2860 1839 2925; x_wconf 90' lang='lat' dir='ltr'><strong>quoque</strong></span> <span class='ocrx_word' id='word_1_231' title='bbox 1891 2862 2083 2924; x_wconf 90' lang='lat' dir='ltr'><strong>quam</strong></span> <span class='ocrx_word' id='word_1_232' title='bbox 2133 2861 2378 2905; x_wconf 86' lang='lat' dir='ltr'><strong>assum-</strong></span> 
     </span>
     <span class='ocr_line' id='line_1_37' title="bbox 877 2942 2375 3030; baseline -0.004 -21"><span class='ocrx_word' id='word_1_233' title='bbox 877 2948 1025 3030; x_wconf 84' lang='lat' dir='ltr'><strong>psit,</strong></span> <span class='ocrx_word' id='word_1_234' title='bbox 1060 2954 1123 3008; x_wconf 92' lang='lat' dir='ltr'><strong>et</strong></span> <span class='ocrx_word' id='word_1_235' title='bbox 1160 2946 1236 3008; x_wconf 90' lang='lat' dir='ltr'><strong>ad</strong></span> <span class='ocrx_word' id='word_1_236' title='bbox 1278 2946 1655 3007; x_wconf 90' lang='lat' dir='ltr'><strong>documenta</strong></span> <span class='ocrx_word' id='word_1_237' title='bbox 1694 2960 1840 3023; x_wconf 85' lang='lat' dir='ltr'><strong>quae</strong></span> <span class='ocrx_word' id='word_1_238' title='bbox 1878 2942 2050 3003; x_wconf 85' lang='lat' dir='ltr'><strong>dedit</strong></span> <span class='ocrx_word' id='word_1_239' title='bbox 2084 2960 2097 3004; x_wconf 94' lang='lat'><strong>:</strong></span> <span class='ocrx_word' id='word_1_240' title='bbox 2133 2949 2375 3004; x_wconf 89' lang='lat' dir='ltr'><strong>constat</strong></span> 
     </span>
    </p>
   </div>
   <div class='ocr_carea' id='block_1_8' title="bbox 2483 1954 4226 3025">
    <p class='ocr_par' dir='ltr' id='par_1_8' title="bbox 2485 1954 3988 2037">
     <span class='ocr_line' id='line_1_38' title="bbox 2485 1954 3988 2037; baseline 0.006 -23"><span class='ocrx_word' id='word_1_241' title='bbox 2485 1954 2696 2034; x_wconf 87' lang='lat' dir='ltr'><strong>ginata</strong></span> <span class='ocrx_word' id='word_1_242' title='bbox 2727 1957 3079 2037; x_wconf 88' lang='lat' dir='ltr'><strong>procedunt</strong></span> <span class='ocrx_word' id='word_1_243' title='bbox 3107 1975 3183 2018; x_wconf 86' lang='lat' dir='ltr'><strong>ex</strong></span> <span class='ocrx_word' id='word_1_244' title='bbox 3219 1959 3505 2032; x_wconf 79' lang='lat' dir='ltr'><strong>sensatiS‚</strong></span> <span class='ocrx_word' id='word_1_245' title='bbox 3541 1959 3632 2022; x_wconf 89' lang='lat' dir='ltr'><strong>sic</strong></span> <span class='ocrx_word' id='word_1_246' title='bbox 3662 1960 3988 2023; x_wconf 82' lang='lat' dir='ltr'><strong>intellecta</strong></span> 
     </span>
    </p>

    <p class='ocr_par' dir='ltr' id='par_1_9' title="bbox 2486 2053 3988 2142">
     <span class='ocr_line' id='line_1_39' title="bbox 2486 2053 3988 2142; baseline 0.006 -29"><span class='ocrx_word' id='word_1_247' title='bbox 2486 2069 2562 2113; x_wconf 90' lang='lat' dir='ltr'><strong>cx</strong></span> <span class='ocrx_word' id='word_1_248' title='bbox 2609 2053 2986 2135; x_wconf 68' lang='lat' dir='ltr'><strong>imaginatis</strong></span> <span class='ocrx_word' id='word_1_249' title='bbox 3019 2054 3320 2127; x_wconf 87' lang='lat' dir='ltr'><strong>Quartum</strong></span> <span class='ocrx_word' id='word_1_250' title='bbox 3363 2057 3621 2119; x_wconf 91' lang='lat' dir='ltr'><strong>modum</strong></span> <span class='ocrx_word' id='word_1_251' title='bbox 3663 2060 3988 2142; x_wconf 88' lang='lat' dir='ltr'><strong>accipien-</strong></span> 
     </span>
    </p>

    <p class='ocr_par' dir='ltr' id='par_1_10' title="bbox 2488 2151 3988 2229">
     <span class='ocr_line' id='line_1_40' title="bbox 2488 2151 3988 2229; baseline 0.004 -17"><span class='ocrx_word' id='word_1_252' title='bbox 2488 2152 2549 2212; x_wconf 93' lang='lat' dir='ltr'><strong>di</strong></span> <span class='ocrx_word' id='word_1_253' title='bbox 2584 2151 2850 2214; x_wconf 88' lang='lat' dir='ltr'><strong>verbum</strong></span> <span class='ocrx_word' id='word_1_254' title='bbox 2890 2153 3062 2215; x_wconf 88' lang='lat' dir='ltr'><strong>addit</strong></span> <span class='ocrx_word' id='word_1_255' title='bbox 3093 2153 3383 2229; x_wconf 83' lang='lat' dir='ltr'><strong>ThomaS,</strong></span> <span class='ocrx_word' id='word_1_256' title='bbox 3419 2155 3714 2219; x_wconf 85' lang='lat' dir='ltr'><strong>videlicet</strong></span> <span class='ocrx_word' id='word_1_257' title='bbox 3747 2168 3817 2219; x_wconf 88' lang='lat' dir='ltr'><strong>ut</strong></span> <span class='ocrx_word' id='word_1_258' title='bbox 3849 2176 3988 2222; x_wconf 89' lang='lat' dir='ltr'><strong>ver-</strong></span> 
     </span>
    </p>

    <p class='ocr_par' dir='ltr' id='par_1_11' title="bbox 2486 2249 3986 2333">
     <span class='ocr_line' id='line_1_41' title="bbox 2486 2249 3986 2333; baseline 0.006 -23"><span class='ocrx_word' id='word_1_259' title='bbox 2486 2249 2641 2311; x_wconf 91' lang='lat' dir='ltr'><strong>bum</strong></span> <span class='ocrx_word' id='word_1_260' title='bbox 2686 2258 2972 2312; x_wconf 87' lang='lat' dir='ltr'><strong>sumatur</strong></span> <span class='ocrx_word' id='word_1_261' title='bbox 3010 2270 3127 2333; x_wconf 90' lang='lat' dir='ltr'><strong>pro</strong></span> <span class='ocrx_word' id='word_1_262' title='bbox 3167 2269 3234 2313; x_wconf 89' lang='lat' dir='ltr'><strong>re</strong></span> <span class='ocrx_word' id='word_1_263' title='bbox 3273 2252 3628 2333; x_wconf 81' lang='lat' dir='ltr'><strong>significata</strong></span> <span class='ocrx_word' id='word_1_264' title='bbox 3664 2256 3763 2318; x_wconf 88' lang='lat' dir='ltr'><strong>vel</strong></span> <span class='ocrx_word' id='word_1_265' title='bbox 3815 2254 3986 2319; x_wconf 82' lang='lat' dir='ltr'><strong>sacta</strong></span> 
     </span>
    </p>

    <p class='ocr_par' dir='ltr' id='par_1_12' title="bbox 2486 2349 3984 2431">
     <span class='ocr_line' id='line_1_42' title="bbox 2486 2349 3984 2431; baseline 0.005 -22"><span class='ocrx_word' id='word_1_266' title='bbox 2486 2366 2602 2429; x_wconf 89' lang='lat' dir='ltr'><strong>per</strong></span> <span class='ocrx_word' id='word_1_267' title='bbox 2639 2349 2905 2411; x_wconf 89' lang='lat' dir='ltr'><strong>verbum</strong></span> <span class='ocrx_word' id='word_1_268' title='bbox 2949 2368 2962 2411; x_wconf 93' lang='lat'><strong>:</strong></span> <span class='ocrx_word' id='word_1_269' title='bbox 3004 2352 3539 2431; x_wconf 87' lang='lat' dir='ltr'><strong>quemadmodum</strong></span> <span class='ocrx_word' id='word_1_270' title='bbox 3585 2352 3778 2416; x_wconf 90' lang='lat' dir='ltr'><strong>David</strong></span> <span class='ocrx_word' id='word_1_271' title='bbox 3817 2356 3984 2417; x_wconf 82' lang='lat' dir='ltr'><strong>dixit</strong></span> 
     </span>
    </p>

    <p class='ocr_par' dir='ltr' id='par_1_13' title="bbox 2483 2447 4226 2632">
     <span class='ocr_line' id='line_1_43' title="bbox 2483 2447 4226 2528; baseline 0.001 -20"><span class='ocrx_word' id='word_1_272' title='bbox 2483 2447 2561 2508; x_wconf 92' lang='lat' dir='ltr'><strong>ad</strong></span> <span class='ocrx_word' id='word_1_273' title='bbox 2621 2465 2890 2528; x_wconf 90' lang='lat' dir='ltr'><strong>puerum</strong></span> <span class='ocrx_word' id='word_1_274' title='bbox 2940 2448 3347 2511; x_wconf 89' lang='lat' dir='ltr'><strong>Amalecitam</strong></span> <span class='ocrx_word' id='word_1_275' title='bbox 3402 2469 3416 2513; x_wconf 76' lang='grc' dir='ltr'><strong><em>ε</em></strong></span> <span class='ocrx_word' id='word_1_276' title='bbox 3466 2450 3640 2524; x_wconf 89' lang='lat' dir='ltr'><strong>Quod</strong></span> <span class='ocrx_word' id='word_1_277' title='bbox 3694 2461 3792 2514; x_wconf 89' lang='lat' dir='ltr'><strong>est</strong></span> <span class='ocrx_word' id='word_1_278' title='bbox 3843 2472 3987 2515; x_wconf 83' lang='lat' dir='ltr'><strong>ver·</strong></span> <span class='ocrx_word' id='word_1_279' title='bbox 4011 2469 4226 2523; x_wconf 42' lang='lat' dir='ltr'><strong>11⁸4st</strong></span> 
     </span>
     <span class='ocr_line' id='line_1_44' title="bbox 2485 2545 3986 2632; baseline 0.005 -25"><span class='ocrx_word' id='word_1_280' title='bbox 2485 2545 2640 2607; x_wconf 91' lang='lat' dir='ltr'><strong>bum</strong></span> <span class='ocrx_word' id='word_1_281' title='bbox 2688 2547 2860 2628; x_wconf 90' lang='lat' dir='ltr'><strong>quod</strong></span> <span class='ocrx_word' id='word_1_282' title='bbox 2907 2545 3143 2609; x_wconf 85' lang='lat' dir='ltr'><strong>sactum</strong></span> <span class='ocrx_word' id='word_1_283' title='bbox 3195 2551 3334 2609; x_wconf 68' lang='lat' dir='ltr'><strong>est?</strong></span> <span class='ocrx_word' id='word_1_284' title='bbox 3379 2548 3481 2611; x_wconf 92' lang='lat' dir='ltr'><strong>Sic</strong></span> <span class='ocrx_word' id='word_1_285' title='bbox 3526 2569 3783 2632; x_wconf 89' lang='lat' dir='ltr'><strong>quoque</strong></span> <span class='ocrx_word' id='word_1_286' title='bbox 3835 2551 3986 2614; x_wconf 81' lang='lat' dir='ltr'><strong>Eze-</strong></span> 
     </span>
    </p>

    <p class='ocr_par' dir='ltr' id='par_1_14' title="bbox 2485 2644 4222 2911">
     <span class='ocr_line' id='line_1_45' title="bbox 2486 2644 4222 2713; baseline 0.001 -8"><span class='ocrx_word' id='word_1_287' title='bbox 2486 2644 2659 2706; x_wconf 87' lang='lat' dir='ltr'><strong>chias</strong></span> <span class='ocrx_word' id='word_1_288' title='bbox 2707 2644 2867 2706; x_wconf 86' lang='lat' dir='ltr'><strong>dixit</strong></span> <span class='ocrx_word' id='word_1_289' title='bbox 2911 2647 2990 2707; x_wconf 92' lang='lat' dir='ltr'><strong>ad</strong></span> <span class='ocrx_word' id='word_1_290' title='bbox 3037 2645 3258 2708; x_wconf 90' lang='lat' dir='ltr'><strong>lsaiam</strong></span> <span class='ocrx_word' id='word_1_291' title='bbox 3298 2665 3312 2708; x_wconf 77' lang='grc' dir='ltr'>ε</span> <span class='ocrx_word' id='word_1_292' title='bbox 3357 2646 3487 2711; x_wconf 90' lang='lat' dir='ltr'><strong>Non</strong></span> <span class='ocrx_word' id='word_1_293' title='bbox 3539 2648 3658 2711; x_wconf 83' lang='lat' dir='ltr'><strong>fuit</strong></span> <span class='ocrx_word' id='word_1_294' title='bbox 3707 2650 3981 2713; x_wconf 87' lang='lat' dir='ltr'><strong>verbum</strong></span> <span class='ocrx_word' id='word_1_295' title='bbox 4039 2670 4222 2710; x_wconf 49' lang='lat' dir='ltr'><strong>taum,</strong></span> 
     </span>
     <span class='ocr_line' id='line_1_46' title="bbox 2486 2734 4104 2826; baseline 0.004 -22"><span class='ocrx_word' id='word_1_296' title='bbox 2486 2742 2550 2804; x_wconf 94' lang='lat' dir='ltr'><strong>in</strong></span> <span class='ocrx_word' id='word_1_297' title='bbox 2603 2744 2789 2806; x_wconf 90' lang='lat' dir='ltr'><strong>domo</strong></span> <span class='ocrx_word' id='word_1_298' title='bbox 2838 2761 2998 2818; x_wconf 87' lang='lat' dir='ltr'><strong>mea,</strong></span> <span class='ocrx_word' id='word_1_299' title='bbox 3038 2746 3208 2826; x_wconf 93' lang='lat' dir='ltr'><strong>quod</strong></span> <span class='ocrx_word' id='word_1_300' title='bbox 3258 2764 3384 2808; x_wconf 92' lang='lat' dir='ltr'><strong>non</strong></span> <span class='ocrx_word' id='word_1_301' title='bbox 3428 2748 3810 2810; x_wconf 87' lang='lat' dir='ltr'><strong>ostenderim</strong></span> <span class='ocrx_word' id='word_1_302' title='bbox 3861 2750 3979 2811; x_wconf 68' lang='grc' dir='ltr'><strong>εἰς.</strong></span> <span class='ocrx_word' id='word_1_303' title='bbox 4011 2734 4104 2779; x_wconf 65' lang='lat'><strong>²¹⁴·</strong></span> 
     </span>
     <span class='ocr_line' id='line_1_47' title="bbox 2485 2841 3982 2911; baseline 0.004 -8"><span class='ocrx_word' id='word_1_304' title='bbox 2485 2841 2610 2904; x_wconf 86' lang='lat' dir='ltr'><strong>Hoc</strong></span> <span class='ocrx_word' id='word_1_305' title='bbox 2660 2842 2844 2904; x_wconf 90' lang='lat' dir='ltr'><strong>modo</strong></span> <span class='ocrx_word' id='word_1_306' title='bbox 2894 2851 3120 2905; x_wconf 87' lang='lat' dir='ltr'><strong>cuncta</strong></span> <span class='ocrx_word' id='word_1_307' title='bbox 3178 2852 3384 2906; x_wconf 88' lang='lat' dir='ltr'><strong>creata</strong></span> <span class='ocrx_word' id='word_1_308' title='bbox 3434 2846 3732 2908; x_wconf 89' lang='lat' dir='ltr'><strong>dicuntur</strong></span> <span class='ocrx_word' id='word_1_309' title='bbox 3781 2848 3982 2911; x_wconf 81' lang='lat' dir='ltr'><strong>verba</strong></span> 
     </span>
    </p>

    <p class='ocr_par' dir='ltr' id='par_1_15' title="bbox 2484 2939 3986 3025">
     <span class='ocr_line' id='line_1_48' title="bbox 2484 2939 3986 3025; baseline 0.005 -24"><span class='ocrx_word' id='word_1_310' title='bbox 2484 2939 2615 3015; x_wconf 91' lang='lat' dir='ltr'><strong>Dei,</strong></span> <span class='ocrx_word' id='word_1_311' title='bbox 2659 2941 2771 3021; x_wconf 90' lang='lat' dir='ltr'><strong>qui</strong></span> <span class='ocrx_word' id='word_1_312' title='bbox 2816 2940 3099 3004; x_wconf 87' lang='lat' dir='ltr'><strong>interiori</strong></span> <span class='ocrx_word' id='word_1_313' title='bbox 3145 2941 3422 3006; x_wconf 89' lang='lat' dir='ltr'><strong>increato</strong></span> <span class='ocrx_word' id='word_1_314' title='bbox 3463 2964 3538 3007; x_wconf 91' lang='lat' dir='ltr'><strong>ac</strong></span> <span class='ocrx_word' id='word_1_315' title='bbox 3573 2945 3788 3025; x_wconf 88' lang='lat' dir='ltr'><strong>genito</strong></span> <span class='ocrx_word' id='word_1_316' title='bbox 3828 2947 3986 3009; x_wconf 83' lang='lat' dir='ltr'><strong>Ver-</strong></span> 
     </span>
    </p>
   </div>
   <div class='ocr_carea' id='block_1_9' title="bbox 876 3038 3984 3129">
    <p class='ocr_par' dir='ltr' id='par_1_16' title="bbox 876 3038 3984 3129">
     <span class='ocr_line' id='line_1_49' title="bbox 876 3038 3984 3129; baseline 0 -22"><span class='ocrx_word' id='word_1_317' title='bbox 876 3046 1045 3129; x_wconf 92' lang='lat' dir='ltr'><strong>quod</strong></span> <span class='ocrx_word' id='word_1_318' title='bbox 1088 3041 1688 3107; x_wconf 84' lang='lat' dir='ltr'><strong>convenientissime</strong></span> <span class='ocrx_word' id='word_1_319' title='bbox 1729 3039 1986 3101; x_wconf 89' lang='lat' dir='ltr'><strong>nomine</strong></span> <span class='ocrx_word' id='word_1_320' title='bbox 2026 3040 2206 3102; x_wconf 88' lang='lat' dir='ltr'><strong>verbi</strong></span> <span class='ocrx_word' id='word_1_321' title='bbox 2244 3059 2377 3103; x_wconf 91' lang='lat' dir='ltr'><strong>om-</strong></span> <span class='ocrx_word' id='word_1_322' title='bbox 2411 3039 2455 3103; x_wconf 90' lang='lat' dir='ltr'>C</span> <span class='ocrx_word' id='word_1_323' title='bbox 2484 3038 2587 3113; x_wconf 87' lang='lat' dir='ltr'><strong>bo,</strong></span> <span class='ocrx_word' id='word_1_324' title='bbox 2631 3039 2844 3101; x_wconf 88' lang='lat' dir='ltr'><strong>omnia</strong></span> <span class='ocrx_word' id='word_1_325' title='bbox 2882 3039 3292 3121; x_wconf 87' lang='lat' dir='ltr'><strong>intelligendo</strong></span> <span class='ocrx_word' id='word_1_326' title='bbox 3329 3050 3390 3103; x_wconf 91' lang='lat' dir='ltr'><strong>et</strong></span> <span class='ocrx_word' id='word_1_327' title='bbox 3429 3044 3608 3124; x_wconf 88' lang='lat' dir='ltr'><strong>quasi</strong></span> <span class='ocrx_word' id='word_1_328' title='bbox 3657 3044 3984 3126; x_wconf 85' lang='lat' dir='ltr'><strong>loquendo</strong></span> 
     </span>
    </p>
   </div>
   <div class='ocr_carea' id='block_1_10' title="bbox 876 3138 2380 4191">
    <p class='ocr_par' dir='ltr' id='par_1_17' title="bbox 876 3138 2378 3404">
     <span class='ocr_line' id='line_1_50' title="bbox 877 3138 2378 3223; baseline -0.004 -16"><span class='ocrx_word' id='word_1_329' title='bbox 877 3146 984 3207; x_wconf 89' lang='lat' dir='ltr'><strong>nia</strong></span> <span class='ocrx_word' id='word_1_330' title='bbox 1027 3143 1160 3206; x_wconf 83' lang='lat' dir='ltr'><strong>haec</strong></span> <span class='ocrx_word' id='word_1_331' title='bbox 1206 3139 1627 3223; x_wconf 82' lang='lat' dir='ltr'><strong>respicientiS‚</strong></span> <span class='ocrx_word' id='word_1_332' title='bbox 1664 3138 2067 3211; x_wconf 85' lang='lat' dir='ltr'><strong>describitur,</strong></span> <span class='ocrx_word' id='word_1_333' title='bbox 2104 3157 2221 3201; x_wconf 93' lang='lat' dir='ltr'><strong>nec</strong></span> <span class='ocrx_word' id='word_1_334' title='bbox 2268 3158 2378 3221; x_wconf 87' lang='lat' dir='ltr'><strong>ap-</strong></span> 
     </span>
     <span class='ocr_line' id='line_1_51' title="bbox 876 3237 2377 3322; baseline -0.004 -17"><span class='ocrx_word' id='word_1_335' title='bbox 876 3244 1003 3305; x_wconf 91' lang='lat' dir='ltr'><strong>tius</strong></span> <span class='ocrx_word' id='word_1_336' title='bbox 1054 3258 1263 3322; x_wconf 89' lang='lat' dir='ltr'><strong>neque</strong></span> <span class='ocrx_word' id='word_1_337' title='bbox 1311 3238 1611 3301; x_wconf 87' lang='lat' dir='ltr'><strong>subtilius</strong></span> <span class='ocrx_word' id='word_1_338' title='bbox 1659 3255 1892 3300; x_wconf 89' lang='lat' dir='ltr'><strong>nomen</strong></span> <span class='ocrx_word' id='word_1_339' title='bbox 1949 3238 2027 3299; x_wconf 89' lang='lat' dir='ltr'><strong>ad</strong></span> <span class='ocrx_word' id='word_1_340' title='bbox 2077 3237 2377 3300; x_wconf 89' lang='lat' dir='ltr'><strong>universa</strong></span> 
     </span>
     <span class='ocr_line' id='line_1_52' title="bbox 877 3336 1825 3404; baseline -0.008 0"><span class='ocrx_word' id='word_1_341' title='bbox 877 3342 1010 3404; x_wconf 82' lang='lat' dir='ltr'><strong>haec</strong></span> <span class='ocrx_word' id='word_1_342' title='bbox 1054 3338 1435 3401; x_wconf 90' lang='lat' dir='ltr'><strong>insinuanda</strong></span> <span class='ocrx_word' id='word_1_343' title='bbox 1478 3336 1825 3397; x_wconf 84' lang='lat' dir='ltr'><strong>invenitur.</strong></span> 
     </span>
    </p>

    <p class='ocr_par' dir='ltr' id='par_1_18' title="bbox 876 3433 2380 4191">
     <span class='ocr_line' id='line_1_53' title="bbox 954 3433 2370 3521; baseline -0.004 -19"><span class='ocrx_word' id='word_1_344' title='bbox 954 3439 1210 3521; x_wconf 90' lang='lat' dir='ltr'><strong>Oportet</strong></span> <span class='ocrx_word' id='word_1_345' title='bbox 1238 3444 1450 3498; x_wconf 92' lang='lat' dir='ltr'><strong>autem</strong></span> <span class='ocrx_word' id='word_1_346' title='bbox 1488 3435 1837 3508; x_wconf 86' lang='lat' dir='ltr'><strong>advertere,</strong></span> <span class='ocrx_word' id='word_1_347' title='bbox 1872 3434 2043 3515; x_wconf 91' lang='lat' dir='ltr'><strong>quod</strong></span> <span class='ocrx_word' id='word_1_348' title='bbox 2076 3433 2370 3510; x_wconf 88' lang='lat' dir='ltr'><strong>verbum,</strong></span> 
     </span>
     <span class='ocr_line' id='line_1_54' title="bbox 876 3531 2378 3606; baseline -0.004 -4"><span class='ocrx_word' id='word_1_349' title='bbox 876 3538 1228 3602; x_wconf 89' lang='lat' dir='ltr'><strong>secundum</strong></span> <span class='ocrx_word' id='word_1_350' title='bbox 1268 3535 1747 3606; x_wconf 88' lang='lat' dir='ltr'><strong>Damascenum,</strong></span> <span class='ocrx_word' id='word_1_351' title='bbox 1782 3531 1986 3594; x_wconf 87' lang='lat' dir='ltr'><strong>tribus</strong></span> <span class='ocrx_word' id='word_1_352' title='bbox 2027 3533 2233 3595; x_wconf 89' lang='lat' dir='ltr'><strong>modis</strong></span> <span class='ocrx_word' id='word_1_353' title='bbox 2276 3553 2378 3597; x_wconf 90' lang='lat' dir='ltr'><strong>ac-</strong></span> 
     </span>
     <span class='ocr_line' id='line_1_55' title="bbox 876 3630 2375 3719; baseline -0.003 -19"><span class='ocrx_word' id='word_1_354' title='bbox 876 3637 1113 3719; x_wconf 87' lang='lat' dir='ltr'><strong>cipitur</strong></span> <span class='ocrx_word' id='word_1_355' title='bbox 1156 3653 1170 3697; x_wconf 89' lang='lat'>:</span> <span class='ocrx_word' id='word_1_356' title='bbox 1218 3633 1443 3705; x_wconf 88' lang='lat' dir='ltr'><strong>Primo,</strong></span> <span class='ocrx_word' id='word_1_357' title='bbox 1488 3649 1604 3713; x_wconf 92' lang='lat' dir='ltr'><strong>pro</strong></span> <span class='ocrx_word' id='word_1_358' title='bbox 1648 3630 1841 3693; x_wconf 91' lang='lat' dir='ltr'><strong>verbo</strong></span> <span class='ocrx_word' id='word_1_359' title='bbox 1885 3630 2107 3694; x_wconf 82' lang='lat' dir='ltr'><strong>vocali.</strong></span> <span class='ocrx_word' id='word_1_360' title='bbox 2143 3630 2375 3713; x_wconf 90' lang='lat' dir='ltr'><strong>Sicque</strong></span> 
     </span>
     <span class='ocr_line' id='line_1_56' title="bbox 876 3727 2375 3813; baseline -0.003 -15"><span class='ocrx_word' id='word_1_361' title='bbox 876 3736 1030 3799; x_wconf 91' lang='lat' dir='ltr'><strong>dicit</strong></span> <span class='ocrx_word' id='word_1_362' title='bbox 1067 3730 1425 3813; x_wconf 82' lang='lat' dir='ltr'><strong>GregoriuS,</strong></span> <span class='ocrx_word' id='word_1_363' title='bbox 1462 3730 1631 3811; x_wconf 92' lang='lat' dir='ltr'><strong>quod</strong></span> <span class='ocrx_word' id='word_1_364' title='bbox 1673 3727 1833 3790; x_wconf 89' lang='lat' dir='ltr'><strong>nihil</strong></span> <span class='ocrx_word' id='word_1_365' title='bbox 1876 3736 1972 3791; x_wconf 91' lang='lat' dir='ltr'><strong>est</strong></span> <span class='ocrx_word' id='word_1_366' title='bbox 2009 3728 2375 3794; x_wconf 87' lang='lat' dir='ltr'><strong>instabilius</strong></span> 
     </span>
     <span class='ocr_line' id='line_1_57' title="bbox 878 3826 2377 3906; baseline -0.004 -10"><span class='ocrx_word' id='word_1_367' title='bbox 878 3833 1071 3897; x_wconf 89' lang='lat' dir='ltr'><strong>verbo</strong></span> <span class='ocrx_word' id='word_1_368' title='bbox 1124 3849 1139 3893; x_wconf 71' lang='grc' dir='ltr'>ε</span> <span class='ocrx_word' id='word_1_369' title='bbox 1191 3836 1287 3891; x_wconf 90' lang='lat' dir='ltr'><strong>est</strong></span> <span class='ocrx_word' id='word_1_370' title='bbox 1342 3826 1514 3890; x_wconf 89' lang='lat' dir='ltr'><strong>enim</strong></span> <span class='ocrx_word' id='word_1_371' title='bbox 1565 3827 1643 3888; x_wconf 91' lang='lat' dir='ltr'><strong>de</strong></span> <span class='ocrx_word' id='word_1_372' title='bbox 1692 3844 1924 3906; x_wconf 82' lang='lat' dir='ltr'><strong>genere</strong></span> <span class='ocrx_word' id='word_1_373' title='bbox 1983 3828 2377 3891; x_wconf 90' lang='lat' dir='ltr'><strong>successivo-</strong></span> 
     </span>
     <span class='ocr_line' id='line_1_58' title="bbox 878 3923 2378 4011; baseline -0.003 -17"><span class='ocrx_word' id='word_1_374' title='bbox 878 3951 1043 3999; x_wconf 85' lang='lat' dir='ltr'><strong>rum,</strong></span> <span class='ocrx_word' id='word_1_375' title='bbox 1077 3928 1314 4011; x_wconf 90' lang='lat' dir='ltr'><strong>quibus</strong></span> <span class='ocrx_word' id='word_1_376' title='bbox 1353 3927 1522 3988; x_wconf 90' lang='lat' dir='ltr'><strong>idem</strong></span> <span class='ocrx_word' id='word_1_377' title='bbox 1553 3932 1649 3987; x_wconf 83' lang='lat' dir='ltr'><strong>est</strong></span> <span class='ocrx_word' id='word_1_378' title='bbox 1680 3942 1819 3987; x_wconf 87' lang='lat' dir='ltr'><strong>esse</strong></span> <span class='ocrx_word' id='word_1_379' title='bbox 1850 3932 1913 3987; x_wconf 89' lang='lat' dir='ltr'><strong>et</strong></span> <span class='ocrx_word' id='word_1_380' title='bbox 1950 3923 2117 4001; x_wconf 84' lang='lat' dir='ltr'><strong>sieri,</strong></span> <span class='ocrx_word' id='word_1_381' title='bbox 2153 3944 2378 4008; x_wconf 91' lang='lat' dir='ltr'><strong>quem-</strong></span> 
     </span>
     <span class='ocr_line' id='line_1_59' title="bbox 876 4022 2377 4107; baseline -0.004 -14"><span class='ocrx_word' id='word_1_382' title='bbox 876 4029 1218 4093; x_wconf 89' lang='lat' dir='ltr'><strong>admodum</strong></span> <span class='ocrx_word' id='word_1_383' title='bbox 1269 4032 1475 4087; x_wconf 91' lang='lat' dir='ltr'><strong>motus</strong></span> <span class='ocrx_word' id='word_1_384' title='bbox 1525 4031 1588 4085; x_wconf 89' lang='lat' dir='ltr'><strong>et</strong></span> <span class='ocrx_word' id='word_1_385' title='bbox 1637 4031 1909 4105; x_wconf 88' lang='lat' dir='ltr'><strong>tempus.</strong></span> <span class='ocrx_word' id='word_1_386' title='bbox 1964 4022 2065 4086; x_wconf 92' lang='lat' dir='ltr'><strong>Sic</strong></span> <span class='ocrx_word' id='word_1_387' title='bbox 2118 4043 2377 4107; x_wconf 88' lang='lat' dir='ltr'><strong>quoque</strong></span> 
     </span>
     <span class='ocr_line' id='line_1_60' title="bbox 878 4121 2380 4191; baseline -0.003 0"><span class='ocrx_word' id='word_1_388' title='bbox 878 4129 967 4191; x_wconf 89' lang='lat' dir='ltr'><strong>ait</strong></span> <span class='ocrx_word' id='word_1_389' title='bbox 1011 4126 1273 4188; x_wconf 85' lang='lat' dir='ltr'><strong>Basilius</strong></span> <span class='ocrx_word' id='word_1_390' title='bbox 1309 4142 1322 4185; x_wconf 76' lang='grc' dir='ltr'>ε</span> <span class='ocrx_word' id='word_1_391' title='bbox 1357 4121 1552 4184; x_wconf 84' lang='lat' dir='ltr'><strong>Habet</strong></span> <span class='ocrx_word' id='word_1_392' title='bbox 1598 4130 1810 4183; x_wconf 88' lang='lat' dir='ltr'><strong>autem</strong></span> <span class='ocrx_word' id='word_1_393' title='bbox 1853 4130 1915 4183; x_wconf 89' lang='lat' dir='ltr'><strong>et</strong></span> <span class='ocrx_word' id='word_1_394' title='bbox 1960 4123 2228 4185; x_wconf 91' lang='lat' dir='ltr'><strong>verbum</strong></span> <span class='ocrx_word' id='word_1_395' title='bbox 2270 4143 2380 4188; x_wconf 89' lang='lat' dir='ltr'><strong>no-</strong></span> 
     </span>
    </p>
   </div>
   <div class='ocr_carea' id='block_1_11' title="bbox 2484 3138 4224 4201">
    <p class='ocr_par' dir='ltr' id='par_1_19' title="bbox 2485 3138 4223 3223">
     <span class='ocr_line' id='line_1_61' title="bbox 2485 3138 4223 3223; baseline 0.003 -24"><span class='ocrx_word' id='word_1_396' title='bbox 2485 3138 2831 3212; x_wconf 89' lang='lat' dir='ltr'><strong>constituit,</strong></span> <span class='ocrx_word' id='word_1_397' title='bbox 2881 3138 3061 3218; x_wconf 87' lang='lat' dir='ltr'><strong>juxta</strong></span> <span class='ocrx_word' id='word_1_398' title='bbox 3107 3139 3267 3201; x_wconf 92' lang='lat' dir='ltr'><strong>illud</strong></span> <span class='ocrx_word' id='word_1_399' title='bbox 3311 3159 3325 3203; x_wconf 90' lang='lat'>:</span> <span class='ocrx_word' id='word_1_400' title='bbox 3368 3141 3507 3223; x_wconf 90' lang='lat' dir='ltr'><strong>lpse</strong></span> <span class='ocrx_word' id='word_1_401' title='bbox 3555 3142 3734 3219; x_wconf 87' lang='lat' dir='ltr'><strong>dixit,</strong></span> <span class='ocrx_word' id='word_1_402' title='bbox 3775 3151 3845 3206; x_wconf 89' lang='lat' dir='ltr'><strong>et</strong></span> <span class='ocrx_word' id='word_1_403' title='bbox 3895 3144 3986 3207; x_wconf 79' lang='lat' dir='ltr'><strong>fa-</strong></span> <span class='ocrx_word' id='word_1_404' title='bbox 4039 3164 4223 3206; x_wconf 57' lang='lat' dir='ltr'><strong>Pam-1.</strong></span> 
     </span>
    </p>

    <p class='ocr_par' dir='ltr' id='par_1_20' title="bbox 2486 3232 4224 3422">
     <span class='ocr_line' id='line_1_62' title="bbox 2486 3232 4224 3298; baseline 0.003 -35"><span class='ocrx_word' id='word_1_405' title='bbox 2486 3243 2584 3298; x_wconf 69' lang='lat' dir='ltr'><strong>cta</strong></span> <span class='ocrx_word' id='word_1_406' title='bbox 2627 3244 2796 3297; x_wconf 54' lang='lat' dir='ltr'><strong>sunt·</strong></span> <span class='ocrx_word' id='word_1_407' title='bbox 4009 3232 4224 3277; x_wconf 48' lang='lat' dir='ltr'><strong>&amp;camai</strong></span> 
     </span>
     <span class='ocr_line' id='line_1_63' title="bbox 2564 3334 3985 3422; baseline 0.006 -27"><span class='ocrx_word' id='word_1_408' title='bbox 2564 3334 2753 3397; x_wconf 89' lang='lat' dir='ltr'><strong>Porro</strong></span> <span class='ocrx_word' id='word_1_409' title='bbox 2781 3342 3014 3397; x_wconf 84' lang='lat' dir='ltr'><strong>aeterna</strong></span> <span class='ocrx_word' id='word_1_410' title='bbox 3039 3336 3360 3416; x_wconf 78' lang='lat' dir='ltr'><strong>generatio</strong></span> <span class='ocrx_word' id='word_1_411' title='bbox 3389 3337 3576 3400; x_wconf 90' lang='lat' dir='ltr'><strong>Verbi</strong></span> <span class='ocrx_word' id='word_1_412' title='bbox 3607 3340 3985 3422; x_wconf 84' lang='lat' dir='ltr'><strong>accipienda</strong></span> 
     </span>
    </p>

    <p class='ocr_par' dir='ltr' id='par_1_21' title="bbox 2485 3431 3988 3519">
     <span class='ocr_line' id='line_1_64' title="bbox 2485 3431 3988 3519; baseline 0.006 -26"><span class='ocrx_word' id='word_1_413' title='bbox 2485 3440 2580 3494; x_wconf 90' lang='lat' dir='ltr'><strong>est</strong></span> <span class='ocrx_word' id='word_1_414' title='bbox 2636 3432 2743 3494; x_wconf 88' lang='lat' dir='ltr'><strong>ita.</strong></span> <span class='ocrx_word' id='word_1_415' title='bbox 2794 3431 2997 3504; x_wconf 89' lang='lat' dir='ltr'><strong>Quum</strong></span> <span class='ocrx_word' id='word_1_416' title='bbox 3059 3434 3219 3496; x_wconf 90' lang='lat' dir='ltr'><strong>Deus</strong></span> <span class='ocrx_word' id='word_1_417' title='bbox 3279 3434 3362 3496; x_wconf 86' lang='lat' dir='ltr'><strong>sit</strong></span> <span class='ocrx_word' id='word_1_418' title='bbox 3410 3454 3522 3497; x_wconf 89' lang='lat' dir='ltr'><strong>ens</strong></span> <span class='ocrx_word' id='word_1_419' title='bbox 3580 3438 3988 3519; x_wconf 85' lang='lat' dir='ltr'><strong>simplicissi-</strong></span> 
     </span>
    </p>

    <p class='ocr_par' dir='ltr' id='par_1_22' title="bbox 2484 3532 3987 3620">
     <span class='ocr_line' id='line_1_65' title="bbox 2484 3532 3987 3620; baseline 0.005 -28"><span class='ocrx_word' id='word_1_420' title='bbox 2484 3549 2684 3605; x_wconf 89' lang='lat' dir='ltr'><strong>mum,</strong></span> <span class='ocrx_word' id='word_1_421' title='bbox 2739 3532 3230 3607; x_wconf 91' lang='lat' dir='ltr'><strong>nobilissimum,</strong></span> <span class='ocrx_word' id='word_1_422' title='bbox 3280 3533 3782 3618; x_wconf 89' lang='lat' dir='ltr'><strong>simpliciterque</strong></span> <span class='ocrx_word' id='word_1_423' title='bbox 3839 3556 3987 3620; x_wconf 89' lang='lat' dir='ltr'><strong>per-</strong></span> 
     </span>
    </p>

    <p class='ocr_par' dir='ltr' id='par_1_23' title="bbox 2484 3627 3986 3711">
     <span class='ocr_line' id='line_1_66' title="bbox 2484 3627 3986 3711; baseline 0.005 -21"><span class='ocrx_word' id='word_1_424' title='bbox 2484 3627 2744 3703; x_wconf 80' lang='lat' dir='ltr'><strong>fectum,</strong></span> <span class='ocrx_word' id='word_1_425' title='bbox 2779 3637 3027 3711; x_wconf 89' lang='lat' dir='ltr'><strong>oportet</strong></span> <span class='ocrx_word' id='word_1_426' title='bbox 3055 3631 3224 3711; x_wconf 89' lang='lat' dir='ltr'><strong>quod</strong></span> <span class='ocrx_word' id='word_1_427' title='bbox 3266 3631 3347 3692; x_wconf 88' lang='lat' dir='ltr'><strong>sit</strong></span> <span class='ocrx_word' id='word_1_428' title='bbox 3386 3631 3830 3697; x_wconf 86' lang='lat' dir='ltr'><strong>intellectualis</strong></span> <span class='ocrx_word' id='word_1_429' title='bbox 3877 3656 3986 3698; x_wconf 92' lang='lat' dir='ltr'><strong>na—</strong></span> 
     </span>
    </p>

    <p class='ocr_par' dir='ltr' id='par_1_24' title="bbox 2486 3728 3980 3815">
     <span class='ocr_line' id='line_1_67' title="bbox 2486 3728 3980 3815; baseline 0.006 -27"><span class='ocrx_word' id='word_1_430' title='bbox 2486 3735 2664 3802; x_wconf 84' lang='lat' dir='ltr'><strong>turae,</strong></span> <span class='ocrx_word' id='word_1_431' title='bbox 2718 3728 2845 3791; x_wconf 92' lang='lat' dir='ltr'><strong>imo</strong></span> <span class='ocrx_word' id='word_1_432' title='bbox 2902 3729 3263 3791; x_wconf 88' lang='lat' dir='ltr'><strong>intellectus</strong></span> <span class='ocrx_word' id='word_1_433' title='bbox 3323 3749 3543 3812; x_wconf 82' lang='lat' dir='ltr'><strong>puruS,</strong></span> <span class='ocrx_word' id='word_1_434' title='bbox 3600 3750 3858 3815; x_wconf 88' lang='lat' dir='ltr'><strong>semper</strong></span> <span class='ocrx_word' id='word_1_435' title='bbox 3915 3736 3980 3797; x_wconf 93' lang='lat' dir='ltr'><strong>in</strong></span> 
     </span>
    </p>

    <p class='ocr_par' dir='ltr' id='par_1_25' title="bbox 2487 3827 3986 3911">
     <span class='ocr_line' id='line_1_68' title="bbox 2487 3827 3986 3911; baseline 0.005 -23"><span class='ocrx_word' id='word_1_436' title='bbox 2487 3833 2629 3888; x_wconf 88' lang='lat' dir='ltr'><strong>actu</strong></span> <span class='ocrx_word' id='word_1_437' title='bbox 2689 3827 3060 3891; x_wconf 87' lang='lat' dir='ltr'><strong>consistens.</strong></span> <span class='ocrx_word' id='word_1_438' title='bbox 3117 3828 3275 3889; x_wconf 88' lang='lat' dir='ltr'><strong>Deus</strong></span> <span class='ocrx_word' id='word_1_439' title='bbox 3333 3846 3482 3910; x_wconf 89' lang='lat' dir='ltr'><strong>ergo</strong></span> <span class='ocrx_word' id='word_1_440' title='bbox 3538 3833 3862 3911; x_wconf 81' lang='lat' dir='ltr'><strong>cognoscit</strong></span> <span class='ocrx_word' id='word_1_441' title='bbox 3917 3853 3986 3897; x_wconf 88' lang='lat' dir='ltr'><strong>se</strong></span> 
     </span>
    </p>

    <p class='ocr_par' dir='ltr' id='par_1_26' title="bbox 2489 3926 3989 4015">
     <span class='ocr_line' id='line_1_69' title="bbox 2489 3926 3989 4015; baseline 0.005 -28"><span class='ocrx_word' id='word_1_442' title='bbox 2489 3926 2701 4007; x_wconf 88' lang='lat' dir='ltr'><strong>ipsum</strong></span> <span class='ocrx_word' id='word_1_443' title='bbox 2737 3934 2801 3987; x_wconf 91' lang='lat' dir='ltr'><strong>et</strong></span> <span class='ocrx_word' id='word_1_444' title='bbox 2839 3934 3044 3988; x_wconf 91' lang='lat' dir='ltr'><strong>cetera</strong></span> <span class='ocrx_word' id='word_1_445' title='bbox 3082 3927 3318 3989; x_wconf 89' lang='lat' dir='ltr'><strong>omnia.</strong></span> <span class='ocrx_word' id='word_1_446' title='bbox 3355 3927 3464 3991; x_wconf 84' lang='lat' dir='ltr'><strong>Est</strong></span> <span class='ocrx_word' id='word_1_447' title='bbox 3491 3946 3640 4010; x_wconf 88' lang='lat' dir='ltr'><strong>ergo</strong></span> <span class='ocrx_word' id='word_1_448' title='bbox 3680 3931 3741 3992; x_wconf 95' lang='lat' dir='ltr'><strong>in</strong></span> <span class='ocrx_word' id='word_1_449' title='bbox 3783 3950 3858 3993; x_wconf 85' lang='lat' dir='ltr'><strong>se</strong></span> <span class='ocrx_word' id='word_1_450' title='bbox 3892 3933 3989 4015; x_wconf 90' lang='lat' dir='ltr'><strong>ip-</strong></span> 
     </span>
    </p>

    <p class='ocr_par' dir='ltr' id='par_1_27' title="bbox 2487 4023 3991 4108">
     <span class='ocr_line' id='line_1_70' title="bbox 2487 4023 3991 4108; baseline 0.005 -22"><span class='ocrx_word' id='word_1_451' title='bbox 2487 4042 2576 4095; x_wconf 80' lang='lat'><strong>80,</strong></span> <span class='ocrx_word' id='word_1_452' title='bbox 2613 4024 2777 4085; x_wconf 91' lang='lat' dir='ltr'><strong>sicut</strong></span> <span class='ocrx_word' id='word_1_453' title='bbox 2820 4023 3212 4087; x_wconf 90' lang='lat' dir='ltr'><strong>intellectum</strong></span> <span class='ocrx_word' id='word_1_454' title='bbox 3256 4044 3367 4087; x_wconf 90' lang='lat' dir='ltr'><strong>seu</strong></span> <span class='ocrx_word' id='word_1_455' title='bbox 3412 4028 3730 4108; x_wconf 84' lang='lat' dir='ltr'><strong>cognitum</strong></span> <span class='ocrx_word' id='word_1_456' title='bbox 3773 4029 3846 4091; x_wconf 89' lang='lat' dir='ltr'><strong>in</strong></span> <span class='ocrx_word' id='word_1_457' title='bbox 3895 4032 3991 4093; x_wconf 91' lang='lat' dir='ltr'><strong>in-</strong></span> 
     </span>
    </p>

    <p class='ocr_par' dir='ltr' id='par_1_28' title="bbox 2485 4120 3990 4201">
     <span class='ocr_line' id='line_1_71' title="bbox 2485 4120 3990 4201; baseline 0.006 -20"><span class='ocrx_word' id='word_1_458' title='bbox 2485 4121 2828 4201; x_wconf 88' lang='lat' dir='ltr'><strong>telligente.</strong></span> <span class='ocrx_word' id='word_1_459' title='bbox 2890 4120 3285 4184; x_wconf 89' lang='lat' dir='ltr'><strong>Intellectum</strong></span> <span class='ocrx_word' id='word_1_460' title='bbox 3343 4141 3492 4187; x_wconf 88' lang='lat' dir='ltr'><strong>vero</strong></span> <span class='ocrx_word' id='word_1_461' title='bbox 3551 4142 3661 4187; x_wconf 88' lang='lat' dir='ltr'><strong>seu</strong></span> <span class='ocrx_word' id='word_1_462' title='bbox 3725 4145 3824 4188; x_wconf 88' lang='lat' dir='ltr'><strong>res</strong></span> <span class='ocrx_word' id='word_1_463' title='bbox 3889 4130 3990 4190; x_wconf 89' lang='lat' dir='ltr'><strong>in-</strong></span> 
     </span>
    </p>
   </div>
   <div class='ocr_carea' id='block_1_12' title="bbox 881 4219 3988 4303">
    <p class='ocr_par' dir='ltr' id='par_1_29' title="bbox 881 4219 3988 4303">
     <span class='ocr_line' id='line_1_72' title="bbox 881 4219 3988 4303; baseline 0 -15"><span class='ocrx_word' id='word_1_464' title='bbox 881 4234 1083 4289; x_wconf 90' lang='lat' dir='ltr'><strong>strum</strong></span> <span class='ocrx_word' id='word_1_465' title='bbox 1131 4230 1464 4285; x_wconf 88' lang='lat' dir='ltr'><strong>externum</strong></span> <span class='ocrx_word' id='word_1_466' title='bbox 1522 4220 1723 4281; x_wconf 87' lang='lat' dir='ltr'><strong>divini</strong></span> <span class='ocrx_word' id='word_1_467' title='bbox 1776 4219 1961 4281; x_wconf 87' lang='lat' dir='ltr'><strong>Verbi</strong></span> <span class='ocrx_word' id='word_1_468' title='bbox 2018 4220 2756 4293; x_wconf 82' lang='lat' dir='ltr'><strong>similitudi-Dtellecta,</strong></span> <span class='ocrx_word' id='word_1_469' title='bbox 2819 4221 3168 4283; x_wconf 90' lang='lat' dir='ltr'><strong>secuudum</strong></span> <span class='ocrx_word' id='word_1_470' title='bbox 3235 4239 3372 4283; x_wconf 90' lang='lat' dir='ltr'><strong>esse</strong></span> <span class='ocrx_word' id='word_1_471' title='bbox 3435 4224 3606 4303; x_wconf 90' lang='lat' dir='ltr'><strong>quod</strong></span> <span class='ocrx_word' id='word_1_472' title='bbox 3668 4224 3862 4288; x_wconf 87' lang='lat' dir='ltr'><strong>habet</strong></span> <span class='ocrx_word' id='word_1_473' title='bbox 3922 4227 3988 4289; x_wconf 91' lang='lat' dir='ltr'><strong>in</strong></span> 
     </span>
    </p>
   </div>
   <div class='ocr_carea' id='block_1_13' title="bbox 881 4317 2384 5377">
    <p class='ocr_par' dir='ltr' id='par_1_30' title="bbox 881 4317 2384 5377">
     <span class='ocr_line' id='line_1_73' title="bbox 881 4317 2378 4404; baseline -0.002 -17"><span class='ocrx_word' id='word_1_474' title='bbox 881 4343 1027 4387; x_wconf 88' lang='lat' dir='ltr'><strong>nem</strong></span> <span class='ocrx_word' id='word_1_475' title='bbox 1068 4322 1428 4404; x_wconf 88' lang='lat' dir='ltr'><strong>quamdam.</strong></span> <span class='ocrx_word' id='word_1_476' title='bbox 1461 4317 1614 4380; x_wconf 89' lang='lat' dir='ltr'><strong>Nam</strong></span> <span class='ocrx_word' id='word_1_477' title='bbox 1650 4317 1917 4382; x_wconf 88' lang='lat' dir='ltr'><strong>verbum</strong></span> <span class='ocrx_word' id='word_1_478' title='bbox 1958 4328 2244 4381; x_wconf 89' lang='lat' dir='ltr'><strong>nostrum</strong></span> <span class='ocrx_word' id='word_1_479' title='bbox 2286 4328 2378 4384; x_wconf 87' lang='lat' dir='ltr'><strong>to-</strong></span> 
     </span>
     <span class='ocr_line' id='line_1_74' title="bbox 882 4416 2380 4499; baseline -0.003 -12"><span class='ocrx_word' id='word_1_480' title='bbox 882 4434 1009 4487; x_wconf 87' lang='lat' dir='ltr'><strong>tam</strong></span> <span class='ocrx_word' id='word_1_481' title='bbox 1060 4419 1334 4483; x_wconf 82' lang='lat' dir='ltr'><strong>declarat</strong></span> <span class='ocrx_word' id='word_1_482' title='bbox 1390 4416 1622 4480; x_wconf 89' lang='lat' dir='ltr'><strong>mentis</strong></span> <span class='ocrx_word' id='word_1_483' title='bbox 1673 4416 2178 4499; x_wconf 87' lang='lat' dir='ltr'><strong>conceptionem.</strong></span> <span class='ocrx_word' id='word_1_484' title='bbox 2233 4417 2380 4490; x_wconf 81' lang='lat' dir='ltr'><strong>Quae</strong></span> 
     </span>
     <span class='ocr_line' id='line_1_75' title="bbox 882 4515 2383 4603; baseline -0.003 -18"><span class='ocrx_word' id='word_1_485' title='bbox 882 4538 1159 4603; x_wconf 86' lang='lat' dir='ltr'><strong>namque</strong></span> <span class='ocrx_word' id='word_1_486' title='bbox 1207 4526 1419 4580; x_wconf 86' lang='lat' dir='ltr'><strong>mente</strong></span> <span class='ocrx_word' id='word_1_487' title='bbox 1477 4515 1897 4597; x_wconf 79' lang='lat' dir='ltr'><strong>concipimuS,</strong></span> <span class='ocrx_word' id='word_1_488' title='bbox 1950 4534 2022 4577; x_wconf 88' lang='lat' dir='ltr'><strong>ea</strong></span> <span class='ocrx_word' id='word_1_489' title='bbox 2080 4536 2188 4579; x_wconf 90' lang='lat' dir='ltr'><strong>ore</strong></span> <span class='ocrx_word' id='word_1_490' title='bbox 2238 4536 2383 4600; x_wconf 93' lang='lat' dir='ltr'><strong>pro-</strong></span> 
     </span>
     <span class='ocr_line' id='line_1_76' title="bbox 882 4613 2382 4699; baseline -0.004 -15"><span class='ocrx_word' id='word_1_491' title='bbox 882 4621 1171 4693; x_wconf 78' lang='lat' dir='ltr'><strong>ferimuS‚</strong></span> <span class='ocrx_word' id='word_1_492' title='bbox 1214 4624 1277 4679; x_wconf 91' lang='lat' dir='ltr'><strong>et</strong></span> <span class='ocrx_word' id='word_1_493' title='bbox 1327 4633 1505 4678; x_wconf 90' lang='lat' dir='ltr'><strong>mens</strong></span> <span class='ocrx_word' id='word_1_494' title='bbox 1554 4621 1766 4677; x_wconf 89' lang='lat' dir='ltr'><strong>nostra</strong></span> <span class='ocrx_word' id='word_1_495' title='bbox 1814 4614 1995 4696; x_wconf 87' lang='lat' dir='ltr'><strong>quasi</strong></span> <span class='ocrx_word' id='word_1_496' title='bbox 2045 4613 2188 4678; x_wconf 85' lang='lat' dir='ltr'><strong>sons</strong></span> <span class='ocrx_word' id='word_1_497' title='bbox 2239 4617 2382 4699; x_wconf 93' lang='lat' dir='ltr'><strong>qui-</strong></span> 
     </span>
     <span class='ocr_line' id='line_1_77' title="bbox 882 4712 2379 4796; baseline -0.005 -12"><span class='ocrx_word' id='word_1_498' title='bbox 882 4722 1027 4784; x_wconf 89' lang='lat' dir='ltr'><strong>dam</strong></span> <span class='ocrx_word' id='word_1_499' title='bbox 1081 4726 1195 4792; x_wconf 90' lang='lat' dir='ltr'><strong>est,</strong></span> <span class='ocrx_word' id='word_1_500' title='bbox 1259 4715 1527 4779; x_wconf 85' lang='lat' dir='ltr'><strong>verbum</strong></span> <span class='ocrx_word' id='word_1_501' title='bbox 1586 4732 1735 4776; x_wconf 88' lang='lat' dir='ltr'><strong>vero</strong></span> <span class='ocrx_word' id='word_1_502' title='bbox 1794 4712 2131 4795; x_wconf 87' lang='lat' dir='ltr'><strong>prolatum,</strong></span> <span class='ocrx_word' id='word_1_503' title='bbox 2194 4716 2379 4796; x_wconf 89' lang='lat' dir='ltr'><strong>quasi</strong></span> 
     </span>
     <span class='ocr_line' id='line_1_78' title="bbox 883 4811 2384 4894; baseline -0.005 -12"><span class='ocrx_word' id='word_1_504' title='bbox 883 4819 1129 4882; x_wconf 88' lang='lat' dir='ltr'><strong>rivulus</strong></span> <span class='ocrx_word' id='word_1_505' title='bbox 1159 4834 1425 4878; x_wconf 89' lang='lat' dir='ltr'><strong>manans</strong></span> <span class='ocrx_word' id='word_1_506' title='bbox 1453 4831 1530 4876; x_wconf 89' lang='lat' dir='ltr'><strong>ex</strong></span> <span class='ocrx_word' id='word_1_507' title='bbox 1562 4812 1721 4894; x_wconf 90' lang='lat' dir='ltr'><strong>ipso.</strong></span> <span class='ocrx_word' id='word_1_508' title='bbox 1756 4811 2066 4884; x_wconf 91' lang='lat' dir='ltr'><strong>Secundo,</strong></span> <span class='ocrx_word' id='word_1_509' title='bbox 2103 4832 2218 4894; x_wconf 93' lang='lat' dir='ltr'><strong>pro</strong></span> <span class='ocrx_word' id='word_1_510' title='bbox 2249 4831 2384 4875; x_wconf 88' lang='lat' dir='ltr'><strong>ver-</strong></span> 
     </span>
     <span class='ocr_line' id='line_1_79' title="bbox 884 4910 2382 4995; baseline -0.007 -13"><span class='ocrx_word' id='word_1_511' title='bbox 884 4918 966 4982; x_wconf 90' lang='lat' dir='ltr'><strong>bo</strong></span> <span class='ocrx_word' id='word_1_512' title='bbox 1006 4914 1262 4979; x_wconf 87' lang='lat' dir='ltr'><strong>mentali</strong></span> <span class='ocrx_word' id='word_1_513' title='bbox 1308 4914 1480 4995; x_wconf 90' lang='lat' dir='ltr'><strong>quod</strong></span> <span class='ocrx_word' id='word_1_514' title='bbox 1522 4910 1715 4974; x_wconf 89' lang='lat' dir='ltr'><strong>verbo</strong></span> <span class='ocrx_word' id='word_1_515' title='bbox 1754 4911 1955 4973; x_wconf 85' lang='lat' dir='ltr'><strong>vocali</strong></span> <span class='ocrx_word' id='word_1_516' title='bbox 2000 4911 2382 4993; x_wconf 86' lang='lat' dir='ltr'><strong>exprimitur</strong></span> 
     </span>
     <span class='ocr_line' id='line_1_80' title="bbox 884 5010 2383 5096; baseline -0.005 -16"><span class='ocrx_word' id='word_1_517' title='bbox 884 5026 947 5080; x_wconf 88' lang='lat' dir='ltr'><strong>et</strong></span> <span class='ocrx_word' id='word_1_518' title='bbox 1004 5013 1423 5096; x_wconf 86' lang='lat' dir='ltr'><strong>significatur,</strong></span> <span class='ocrx_word' id='word_1_519' title='bbox 1476 5011 1828 5078; x_wconf 84' lang='lat' dir='ltr'><strong>secundum</strong></span> <span class='ocrx_word' id='word_1_520' title='bbox 1878 5011 2049 5091; x_wconf 93' lang='lat' dir='ltr'><strong>quod</strong></span> <span class='ocrx_word' id='word_1_521' title='bbox 2107 5010 2196 5071; x_wconf 88' lang='lat' dir='ltr'><strong>ait</strong></span> <span class='ocrx_word' id='word_1_522' title='bbox 2241 5010 2383 5072; x_wconf 87' lang='lat' dir='ltr'><strong>Phi-</strong></span> 
     </span>
     <span class='ocr_line' id='line_1_81' title="bbox 885 5108 2376 5196; baseline -0.005 -18"><span class='ocrx_word' id='word_1_523' title='bbox 885 5114 1187 5196; x_wconf 89' lang='lat' dir='ltr'><strong>losophus</strong></span> <span class='ocrx_word' id='word_1_524' title='bbox 1224 5130 1237 5175; x_wconf 91' lang='lat'>:</span> <span class='ocrx_word' id='word_1_525' title='bbox 1271 5111 1431 5173; x_wconf 90' lang='lat' dir='ltr'><strong>Sunt</strong></span> <span class='ocrx_word' id='word_1_526' title='bbox 1460 5127 1609 5190; x_wconf 89' lang='lat' dir='ltr'><strong>ergo</strong></span> <span class='ocrx_word' id='word_1_527' title='bbox 1638 5126 1711 5170; x_wconf 89' lang='lat' dir='ltr'><strong>ea</strong></span> <span class='ocrx_word' id='word_1_528' title='bbox 1748 5126 1893 5189; x_wconf 83' lang='lat' dir='ltr'><strong>quae</strong></span> <span class='ocrx_word' id='word_1_529' title='bbox 1922 5116 2071 5170; x_wconf 89' lang='lat' dir='ltr'><strong>sunt</strong></span> <span class='ocrx_word' id='word_1_530' title='bbox 2103 5108 2168 5169; x_wconf 95' lang='lat' dir='ltr'><strong>in</strong></span> <span class='ocrx_word' id='word_1_531' title='bbox 2203 5126 2376 5185; x_wconf 88' lang='lat' dir='ltr'><strong>voce,</strong></span> 
     </span>
     <span class='ocr_line' id='line_1_82' title="bbox 885 5206 2383 5293; baseline -0.004 -17"><span class='ocrx_word' id='word_1_532' title='bbox 885 5231 1103 5277; x_wconf 88' lang='lat' dir='ltr'><strong>earum</strong></span> <span class='ocrx_word' id='word_1_533' title='bbox 1142 5230 1286 5293; x_wconf 65' lang='lat' dir='ltr'><strong>quae</strong></span> <span class='ocrx_word' id='word_1_534' title='bbox 1324 5217 1473 5271; x_wconf 90' lang='lat' dir='ltr'><strong>sunt</strong></span> <span class='ocrx_word' id='word_1_535' title='bbox 1511 5208 1575 5269; x_wconf 91' lang='lat' dir='ltr'><strong>in</strong></span> <span class='ocrx_word' id='word_1_536' title='bbox 1616 5207 1829 5269; x_wconf 87' lang='lat' dir='ltr'><strong>anima</strong></span> <span class='ocrx_word' id='word_1_537' title='bbox 1865 5206 2234 5289; x_wconf 89' lang='lat' dir='ltr'><strong>passionum</strong></span> <span class='ocrx_word' id='word_1_538' title='bbox 2272 5226 2383 5271; x_wconf 91' lang='lat' dir='ltr'><strong>no-</strong></span> 
     </span>
     <span class='ocr_line' id='line_1_83' title="bbox 884 5304 2381 5377; baseline -0.005 -1"><span class='ocrx_word' id='word_1_539' title='bbox 884 5321 985 5377; x_wconf 81' lang='lat' dir='ltr'><strong>tae.</strong></span> <span class='ocrx_word' id='word_1_540' title='bbox 1025 5310 1199 5372; x_wconf 89' lang='lat' dir='ltr'><strong>Unde</strong></span> <span class='ocrx_word' id='word_1_541' title='bbox 1247 5317 1310 5370; x_wconf 90' lang='lat' dir='ltr'><strong>et</strong></span> <span class='ocrx_word' id='word_1_542' title='bbox 1355 5306 1527 5371; x_wconf 87' lang='lat' dir='ltr'><strong>Plato</strong></span> <span class='ocrx_word' id='word_1_543' title='bbox 1572 5306 1799 5368; x_wconf 83' lang='lat' dir='ltr'><strong>asserit</strong></span> <span class='ocrx_word' id='word_1_544' title='bbox 1845 5305 1911 5367; x_wconf 90' lang='lat' dir='ltr'><strong>in</strong></span> <span class='ocrx_word' id='word_1_545' title='bbox 1952 5304 2185 5369; x_wconf 81' lang='lat' dir='ltr'><strong>Timaeo</strong></span> <span class='ocrx_word' id='word_1_546' title='bbox 2228 5324 2241 5367; x_wconf 91' lang='lat'>:</span> <span class='ocrx_word' id='word_1_547' title='bbox 2287 5305 2381 5368; x_wconf 84' lang='lat' dir='ltr'><strong>Ad</strong></span> 
     </span>
    </p>
   </div>
   <div class='ocr_carea' id='block_1_14' title="bbox 2487 4319 3992 5389">
    <p class='ocr_par' dir='ltr' id='par_1_31' title="bbox 2487 4319 3992 5389">
     <span class='ocr_line' id='line_1_84' title="bbox 2489 4319 3992 4402; baseline 0.005 -22"><span class='ocrx_word' id='word_1_548' title='bbox 2489 4319 2900 4399; x_wconf 84' lang='lat' dir='ltr'><strong>intelligente,</strong></span> <span class='ocrx_word' id='word_1_549' title='bbox 2933 4326 3029 4381; x_wconf 92' lang='lat' dir='ltr'><strong>est</strong></span> <span class='ocrx_word' id='word_1_550' title='bbox 3069 4320 3224 4382; x_wconf 86' lang='lat' dir='ltr'><strong>ratio</strong></span> <span class='ocrx_word' id='word_1_551' title='bbox 3262 4328 3456 4402; x_wconf 88' lang='lat' dir='ltr'><strong>atque</strong></span> <span class='ocrx_word' id='word_1_552' title='bbox 3498 4322 3764 4387; x_wconf 91' lang='lat' dir='ltr'><strong>intentio</strong></span> <span class='ocrx_word' id='word_1_553' title='bbox 3800 4324 3992 4388; x_wconf 82' lang='lat' dir='ltr'><strong>intel·</strong></span> 
     </span>
     <span class='ocr_line' id='line_1_85' title="bbox 2490 4418 3992 4499; baseline 0.005 -21"><span class='ocrx_word' id='word_1_554' title='bbox 2490 4419 2762 4499; x_wconf 82' lang='lat' dir='ltr'><strong>ligentiS‚</strong></span> <span class='ocrx_word' id='word_1_555' title='bbox 2817 4426 2880 4479; x_wconf 87' lang='lat' dir='ltr'><strong>et</strong></span> <span class='ocrx_word' id='word_1_556' title='bbox 2927 4418 3133 4498; x_wconf 81' lang='lat' dir='ltr'><strong>imago</strong></span> <span class='ocrx_word' id='word_1_557' title='bbox 3185 4418 3282 4480; x_wconf 88' lang='lat' dir='ltr'><strong>vel</strong></span> <span class='ocrx_word' id='word_1_558' title='bbox 3335 4420 3688 4484; x_wconf 88' lang='lat' dir='ltr'><strong>similitudo</strong></span> <span class='ocrx_word' id='word_1_559' title='bbox 3736 4422 3992 4485; x_wconf 88' lang='lat' dir='ltr'><strong>intelle-</strong></span> 
     </span>
     <span class='ocr_line' id='line_1_86' title="bbox 2491 4516 3990 4586; baseline 0.005 -8"><span class='ocrx_word' id='word_1_560' title='bbox 2491 4517 2596 4578; x_wconf 91' lang='lat' dir='ltr'><strong>cti.</strong></span> <span class='ocrx_word' id='word_1_561' title='bbox 2641 4516 2815 4579; x_wconf 84' lang='lat' dir='ltr'><strong>Ratio</strong></span> <span class='ocrx_word' id='word_1_562' title='bbox 2853 4524 3064 4578; x_wconf 90' lang='lat' dir='ltr'><strong>autem</strong></span> <span class='ocrx_word' id='word_1_563' title='bbox 3110 4524 3172 4578; x_wconf 92' lang='lat' dir='ltr'><strong>et</strong></span> <span class='ocrx_word' id='word_1_564' title='bbox 3219 4516 3487 4581; x_wconf 89' lang='lat' dir='ltr'><strong>intentio</strong></span> <span class='ocrx_word' id='word_1_565' title='bbox 3533 4537 3644 4581; x_wconf 90' lang='lat' dir='ltr'><strong>seu</strong></span> <span class='ocrx_word' id='word_1_566' title='bbox 3693 4520 3990 4586; x_wconf 83' lang='lat' dir='ltr'><strong>definitio</strong></span> 
     </span>
     <span class='ocr_line' id='line_1_87' title="bbox 2491 4614 3988 4699; baseline 0.004 -23"><span class='ocrx_word' id='word_1_567' title='bbox 2491 4634 2682 4696; x_wconf 88' lang='lat' dir='ltr'><strong>quam</strong></span> <span class='ocrx_word' id='word_1_568' title='bbox 2732 4614 3093 4695; x_wconf 88' lang='lat' dir='ltr'><strong>intelligens</strong></span> <span class='ocrx_word' id='word_1_569' title='bbox 3140 4614 3327 4677; x_wconf 86' lang='lat' dir='ltr'><strong>habet</strong></span> <span class='ocrx_word' id='word_1_570' title='bbox 3369 4624 3432 4677; x_wconf 92' lang='lat' dir='ltr'><strong>et</strong></span> <span class='ocrx_word' id='word_1_571' title='bbox 3473 4618 3754 4699; x_wconf 89' lang='lat' dir='ltr'><strong>concipit</strong></span> <span class='ocrx_word' id='word_1_572' title='bbox 3799 4620 3878 4682; x_wconf 90' lang='lat' dir='ltr'><strong>de</strong></span> <span class='ocrx_word' id='word_1_573' title='bbox 3921 4639 3988 4681; x_wconf 85' lang='lat' dir='ltr'><strong>re</strong></span> 
     </span>
     <span class='ocr_line' id='line_1_88' title="bbox 2491 4713 3982 4798; baseline 0.003 -23"><span class='ocrx_word' id='word_1_574' title='bbox 2491 4713 2832 4793; x_wconf 86' lang='lat' dir='ltr'><strong>intellecta,</strong></span> <span class='ocrx_word' id='word_1_575' title='bbox 2894 4722 3152 4776; x_wconf 90' lang='lat' dir='ltr'><strong>vocatur</strong></span> <span class='ocrx_word' id='word_1_576' title='bbox 3213 4714 3479 4777; x_wconf 87' lang='lat' dir='ltr'><strong>verbum</strong></span> <span class='ocrx_word' id='word_1_577' title='bbox 3546 4716 3982 4798; x_wconf 81' lang='lat' dir='ltr'><strong>intelligentiS,</strong></span> 
     </span>
     <span class='ocr_line' id='line_1_89' title="bbox 2491 4812 3986 4896; baseline 0.003 -22"><span class='ocrx_word' id='word_1_578' title='bbox 2491 4812 2792 4895; x_wconf 90' lang='lat' dir='ltr'><strong>quoniam</strong></span> <span class='ocrx_word' id='word_1_579' title='bbox 2836 4820 2931 4873; x_wconf 88' lang='lat' dir='ltr'><strong>est</strong></span> <span class='ocrx_word' id='word_1_580' title='bbox 2972 4812 3234 4893; x_wconf 91' lang='lat' dir='ltr'><strong>quidam</strong></span> <span class='ocrx_word' id='word_1_581' title='bbox 3281 4823 3626 4896; x_wconf 90' lang='lat' dir='ltr'><strong>conceptus</strong></span> <span class='ocrx_word' id='word_1_582' title='bbox 3673 4814 3986 4878; x_wconf 83' lang='lat' dir='ltr'><strong>formatus</strong></span> 
     </span>
     <span class='ocr_line' id='line_1_90' title="bbox 2490 4910 3984 4995; baseline 0.003 -24"><span class='ocrx_word' id='word_1_583' title='bbox 2490 4918 2681 4992; x_wconf 91' lang='lat' dir='ltr'><strong>atque</strong></span> <span class='ocrx_word' id='word_1_584' title='bbox 2727 4910 3051 4991; x_wconf 86' lang='lat' dir='ltr'><strong>expressio</strong></span> <span class='ocrx_word' id='word_1_585' title='bbox 3099 4929 3227 4991; x_wconf 91' lang='lat' dir='ltr'><strong>qua</strong></span> <span class='ocrx_word' id='word_1_586' title='bbox 3284 4910 3448 4973; x_wconf 89' lang='lat' dir='ltr'><strong>intra</strong></span> <span class='ocrx_word' id='word_1_587' title='bbox 3495 4930 3562 4973; x_wconf 89' lang='lat' dir='ltr'><strong>se</strong></span> <span class='ocrx_word' id='word_1_588' title='bbox 3611 4912 3761 4975; x_wconf 88' lang='lat' dir='ltr'><strong>dicit</strong></span> <span class='ocrx_word' id='word_1_589' title='bbox 3809 4914 3984 4995; x_wconf 89' lang='lat' dir='ltr'><strong>quod</strong></span> 
     </span>
     <span class='ocr_line' id='line_1_91' title="bbox 2490 5008 3987 5090; baseline 0.003 -19"><span class='ocrx_word' id='word_1_590' title='bbox 2490 5011 2568 5071; x_wconf 89' lang='lat' dir='ltr'><strong>de</strong></span> <span class='ocrx_word' id='word_1_591' title='bbox 2608 5027 2672 5069; x_wconf 91' lang='lat' dir='ltr'><strong>re</strong></span> <span class='ocrx_word' id='word_1_592' title='bbox 2717 5008 3035 5070; x_wconf 88' lang='lat' dir='ltr'><strong>intellecta</strong></span> <span class='ocrx_word' id='word_1_593' title='bbox 3081 5009 3550 5090; x_wconf 90' lang='lat' dir='ltr'><strong>apprehendit:</strong></span> <span class='ocrx_word' id='word_1_594' title='bbox 3583 5018 3647 5071; x_wconf 91' lang='lat' dir='ltr'><strong>et</strong></span> <span class='ocrx_word' id='word_1_595' title='bbox 3691 5010 3795 5073; x_wconf 91' lang='lat' dir='ltr'><strong>hic</strong></span> <span class='ocrx_word' id='word_1_596' title='bbox 3833 5031 3987 5075; x_wconf 88' lang='lat' dir='ltr'><strong>con-</strong></span> 
     </span>
     <span class='ocr_line' id='line_1_92' title="bbox 2490 5106 3984 5189; baseline 0.003 -20"><span class='ocrx_word' id='word_1_597' title='bbox 2490 5115 2712 5189; x_wconf 90' lang='lat' dir='ltr'><strong>ceptus</strong></span> <span class='ocrx_word' id='word_1_598' title='bbox 2741 5114 2839 5168; x_wconf 91' lang='lat' dir='ltr'><strong>est</strong></span> <span class='ocrx_word' id='word_1_599' title='bbox 2875 5107 3082 5188; x_wconf 87' lang='lat' dir='ltr'><strong>imago</strong></span> <span class='ocrx_word' id='word_1_600' title='bbox 3119 5106 3446 5183; x_wconf 88' lang='lat' dir='ltr'><strong>intellecti,</strong></span> <span class='ocrx_word' id='word_1_601' title='bbox 3480 5109 3781 5189; x_wconf 88' lang='lat' dir='ltr'><strong>quoniam</strong></span> <span class='ocrx_word' id='word_1_602' title='bbox 3816 5111 3984 5174; x_wconf 85' lang='lat' dir='ltr'><strong>actio</strong></span> 
     </span>
     <span class='ocr_line' id='line_1_93' title="bbox 2491 5205 3987 5287; baseline 0.003 -20"><span class='ocrx_word' id='word_1_603' title='bbox 2491 5206 2848 5267; x_wconf 89' lang='lat' dir='ltr'><strong>intellectus</strong></span> <span class='ocrx_word' id='word_1_604' title='bbox 2900 5205 3232 5287; x_wconf 82' lang='lat' dir='ltr'><strong>perficitur</strong></span> <span class='ocrx_word' id='word_1_605' title='bbox 3274 5206 3338 5268; x_wconf 94' lang='lat' dir='ltr'><strong>in</strong></span> <span class='ocrx_word' id='word_1_606' title='bbox 3385 5207 3838 5271; x_wconf 88' lang='lat' dir='ltr'><strong>assimilatione</strong></span> <span class='ocrx_word' id='word_1_607' title='bbox 3887 5210 3987 5271; x_wconf 86' lang='lat' dir='ltr'><strong>in-</strong></span> 
     </span>
     <span class='ocr_line' id='line_1_94' title="bbox 2487 5304 3981 5389; baseline 0.002 -22"><span class='ocrx_word' id='word_1_608' title='bbox 2487 5304 2830 5385; x_wconf 88' lang='lat' dir='ltr'><strong>telligentis</strong></span> <span class='ocrx_word' id='word_1_609' title='bbox 2871 5305 2950 5366; x_wconf 90' lang='lat' dir='ltr'><strong>ad</strong></span> <span class='ocrx_word' id='word_1_610' title='bbox 2989 5304 3410 5385; x_wconf 88' lang='lat' dir='ltr'><strong>intelligibile.</strong></span> <span class='ocrx_word' id='word_1_611' title='bbox 3451 5304 3580 5368; x_wconf 87' lang='lat' dir='ltr'><strong>Hoc</strong></span> <span class='ocrx_word' id='word_1_612' title='bbox 3621 5324 3769 5388; x_wconf 87' lang='lat' dir='ltr'><strong>ergo</strong></span> <span class='ocrx_word' id='word_1_613' title='bbox 3807 5307 3981 5389; x_wconf 90' lang='lat' dir='ltr'><strong>quod</strong></span> 
     </span>
    </p>
   </div>
   <div class='ocr_carea' id='block_1_15' title="bbox 4237 0 4278 6219">
    <p class='ocr_par' dir='ltr' id='par_1_32' title="bbox 4237 0 4278 6219">
     <span class='ocr_line' id='line_1_95' title="bbox 4237 0 4278 6219; baseline 0 0"><span class='ocrx_word' id='word_1_614' title='bbox 4237 0 4278 6219; x_wconf 95' lang='lat' dir='ltr'><strong> </strong></span> 
     </span>
    </p>
   </div>
  </div>
 </body>
</html>
