4300 6259
1197 491 2687 543 namnetum.111.tc.ss.—m.nix
3406 480 3489 545 2¹1

375 661 508 723 ritu
555 680 634 725 ac
679 662 934 725 fervore
977 663 1226 725 discant
1271 671 1336 725 et
1379 673 1748 725 assuescant
1791 665 1892 727 Al·
1919 666 1968 725 A
1997 667 2399 729 condemnat.
2434 667 2592 730 Hinc
2632 686 2747 751 per
2772 668 3137 732 Malachiam
3176 678 3487 731 testatur:

373 762 708 823 tissimum
759 762 1080 835 invocare,
1121 782 1254 843 quo
1303 769 1514 845 patres
1559 782 1780 825 eorum
1829 764 1890 825 id

375 867 602 941 agunt.
637 860 836 923 Tanta
881 878 1144 943 quoque
1189 870 1286 921 est
1333 863 1636 924 orationis
1685 863 1892 943 digni-

378 968 500 1031 tas,
537 958 804 1033 utilitas,
835 968 1028 1041 atquc
1059 960 1424 1026 necessitas.
1461 971 1529 1022 ut
1555 962 1784 1023 merito
1813 962 1894 1023 de

381 1058 576 1121 modo
623 1058 850 1120 orandi
901 1058 1388 1121 instructionem
1437 1078 1724 1140 quarere
1779 1060 1892 1121 de-

381 1155 676 1217 beamus,

189 1257 228 1309 2
465 1257 554 1317 Et
581 1257 684 1315 ait
711 1256 854 1315 illis
881 1276 906 1315 .·
937 1259 1154 1325 Quum
1183 1258 1412 1329 ονατιές,
1445 1257 1566 1319 hoc
1605 1265 1724 1328 est,
1755 1276 1894 1319 ora-

381 1373 454 1415 re
501 1353 862 1427 intenditiS,
913 1354 1051 1415 sive
1101 1354 1410 1436 incipitis,
1459 1374 1572 1417 seu
1619 1356 1890 1419 orationi

379 1452 704 1527 insistitiS,
753 1453 922 1515 iuter
967 1462 1176 1515 cetera
1215 1456 1416 1515 dicite
1455 1473 1604 1516 cum
1653 1456 1895 1537 specia-

379 1551 630 1614 lissima
667 1551 1028 1614 devotione.
1067 1551 1242 1613 Unus
1281 1552 1746 1635 discipulorum
1795 1572 1896 1615 ro-

373 1651 576 1732 gavit,
619 1651 734 1712 sed
783 1650 1262 1732 responsionem
1307 1651 1594 1714 Christus
1643 1653 1892 1714 cunctis

378 1750 496 1831 qui
526 1750 798 1811 aderant
821 1749 1156 1831 discipulis
1187 1749 1426 1830 dirigit,
1447 1750 1602 1831 quia
1633 1759 1696 1811 et
1723 1769 1892 1812 unus

1997 764 2197 827 Filius
2227 766 2493 829 honorat
2534 778 2775 849 patrem
2816 788 3027 835 suum,
3058 780 3119 831 et
3160 788 3379 831 servus
3416 769 3495 831 ti·
3542 786 3783 837 saaca..

2001 872 2130 926 met
2178 854 2511 928 dominum
2566 886 2780 929 suum.
2832 866 2893 929 Si
2954 886 3103 947 ergo
3156 876 3333 949 pater
3376 854 3563 947 ego‘·

2001 980 2169 1028 sum.
2204 962 2313 1025 ubi
2356 972 2452 1025 est
2496 964 2699 1026 honor
2738 968 2961 1026 meus?
3000 972 3067 1026 et
3102 965 3155 1026 si
3196 963 3493 1027 dominus

1999 1078 2118 1141 ego
2158 1080 2329 1135 sum,
2376 1061 2487 1124 ubi
2528 1070 2629 1124 est
2666 1062 2859 1127 timor
2898 1066 3127 1125 meust

2095 1158 2401 1221 Praeterea
2458 1162 2914 1230 contuendum,
2962 1162 3135 1243 quod
3194 1168 3373 1243 pater
3428 1160 3495 1223 in

1998 1256 2349 1339 Scripturis
2404 1258 2850 1341 multipliciter
2906 1260 3141 1323 dicitur
3192 1278 3207 1321 :
3262 1258 3493 1326 Primo,

1999 1364 2236 1418 aeterna
2278 1357 2707 1437 generatione,
2746 1358 2913 1420 sicut
2956 1358 3021 1420 in
3062 1356 3309 1421 Psalmo
3348 1376 3365 1419 ε
3406 1355 3495 1419 Ex
3544 1382 3773 1433 ηοω,

2003 1462 2185 1516 utero
2230 1462 2377 1515 ante
2426 1454 2769 1517 luciferum
2818 1454 3011 1535 genui
3062 1463 3145 1516 te.
3194 1452 3297 1517 Sic
3346 1454 3497 1516 Pau-

2003 1551 2102 1613 lus
2139 1554 2219 1615 ad
2260 1552 2619 1617 Corinthios
2654 1554 2789 1615 ait:
2824 1552 3196 1616 Benedictus
3234 1552 3395 1615 Deus
3434 1560 3496 1614 et
3526 1578 3787 1629 uc...,.‚³,

2003 1650 2183 1712 Pater
2230 1651 2479 1714 Domini
2530 1653 2725 1715 nostri
2770 1652 2915 1714 Iesu
2964 1652 3219 1715 Christi.
3264 1652 3497 1732 Sic-que

2004 1748 2070 1809 in
2119 1749 2379 1824 diviniS,
2424 1758 2601 1832 pater
2646 1750 3062 1833 personaliter
3104 1750 3401 1816 sumitur.
3434 1758 3496 1811 et

381 1848 493 1910 ille
543 1866 662 1929 pro
709 1848 1002 1909 omnium
1063 1848 1512 1910 informatione
1567 1849 1888 1930 quaesivit.
1929 1848 1976 1911 B
2003 1847 2120 1909 soli
2168 1866 2455 1929 personae
2498 1848 2695 1910 Patris
2734 1857 3095 1930 competere
3136 1848 3391 1910 dicitur.
3424 1846 3501 1908 Et

379 1949 612 2017 Pater,
651 1949 1100 2022 sanctificetur
1145 1966 1378 2007 nomen
1431 1956 1639 2007 tuum.
1693 1946 1892 2008 Lucas

379 2044 682 2106 brevitati
745 2045 1032 2117 studenS,
1085 2044 1150 2105 in
1213 2044 1406 2123 hujus
1463 2045 1892 2127 descriptione

379 2143 690 2206 orationis
723 2143 920 2205 verba
955 2143 1172 2224 aliqua
1207 2144 1632 2224 praetermisit,
1665 2144 1895 2224 quoni-

379 2260 486 2303 am
515 2260 554 2302 a
585 2240 872 2303 Matthaeo
911 2259 986 2301 ea
1023 2241 1176 2302 satis
1215 2242 1534 2322 descripta
1573 2242 1888 2322 cognovit,

379 2348 492 2401 aut
529 2340 686 2420 quia
727 2339 848 2401 sub
879 2339 1094 2400 verbis
1133 2340 1240 2401 hic
1275 2340 1498 2420 positis
1537 2340 1894 2402 virtualiter

381 2438 830 2511 includuntur,
863 2445 971 2499 aut
1010 2438 1165 2519 quia
1205 2439 1284 2500 ad
1324 2438 1742 2501 substantiam
1789 2458 1894 2521 pe-

383 2536 684 2599 titionum
738 2536 844 2598 hic
893 2544 1202 2599 tactarum
1243 2555 1368 2599 non
1419 2538 1788 2619 pertinent:
1825 2546 1894 2599 ut

101 2654 270 2697 κιαι..
289 2667 351 2705 u,
380 2637 557 2717 quod
599 2634 798 2697 refert
825 2634 1172 2705 Matthaeus,
1207 2634 1322 2707 Qui
1363 2654 1430 2697 es
1473 2636 1538 2697 in
1579 2637 1778 2709 coeliS,
1812 2638 1890 2697 ad

87 2718 124 2758 ⁹·
383 2735 614 2816 primae
663 2734 992 2815 petitionis
1043 2752 1168 2796 non
1219 2743 1462 2815 spectat
1506 2735 1888 2813 essentiam3

89 2850 352 2901 waima.
383 2834 528 2895 duae
575 2852 841 2915 quoque
892 2832 1231 2914 petitiones
1273 2852 1310 2894 a
1355 2832 1640 2896 Matthaeo
1687 2842 1889 2907 tactae,

381 2942 578 3013 atque
623 2951 664 2993 a
703 2932 872 2993 Luca
919 2931 1191 3004 omissae,
1225 2932 1290 2993 in
1335 2932 1750 3013 petitionibus
1788 2933 1894 2995 hic

385 3030 614 3113 positis
657 3029 1312 3111 comprehenduntur,
1361 3029 1526 3091 sieut
1569 3030 1831 3112 patebit.

463 3129 686 3211 ltaque
727 3128 1016 3191 Christus
1055 3129 1406 3192 orationem
1449 3129 1541 3190 sie
1584 3130 1898 3211 incipien-

383 3229 530 3291 dam
583 3228 876 3291 hortatur
919 3244 934 3289 :
977 3230 1198 3288 Pater.
1245 3226 1486 3309 Nempe
1535 3228 1647 3309 qui
1697 3228 1893 3290 Deum

383 3336 628 3400 exorat,
663 3346 810 3389 cum
853 3326 1044 3409 plena
1071 3324 1312 3388 fiducia
1347 3334 1540 3407 atque
1575 3326 1897 3408 praecipua

383 3424 731 3487 dilectione
760 3424 882 3487 hoc
910 3441 1096 3505 agere
1125 3423 1329 3498 debet,
1356 3424 1894 3505 quemadmodum

89 3544 238 3588 Jacob.
261 3548 352 3595 ι,ο.
380 3522 658 3586 lacobus
695 3522 1020 3603 apostolus
1049 3522 1138 3583 ait
1171 3541 1184 3583 :
1219 3521 1498 3585 Postulet
1534 3522 1602 3583 in
1642 3521 1772 3583 fide
1805 3522 1894 3584 ni·

385 3622 480 3686 hil
535 3622 856 3684 haesitans.
909 3619 1030 3681 Sed
1082 3620 1340 3682 nomine
1392 3620 1612 3701 patriS,
1666 3620 1892 3683 horum

387 3730 740 3802 utrumque
783 3718 1186 3800 potissimum
1228 3718 1608 3800 concipitur,
1644 3718 1897 3781 inflam-

385 3828 622 3893 matur,
666 3824 936 3898 augetur
973 3836 986 3879 :
1032 3816 1210 3879 filius
1255 3836 1532 3898 namque
1575 3819 1652 3879 de
1697 3818 1894 3900 patris

383 3919 486 3981 sui
539 3916 824 3981 bonitate
882 3915 1236 3998 praesertim
1286 3914 1573 3989 considit,
1625 3924 1687 3978 et
1745 3935 1894 3978 eum

385 4016 788 4100 permaxime
831 4013 1060 4095 diligit.
1095 4012 1170 4075 Ut
1219 4030 1368 4093 ergo
1411 4032 1554 4076 cum
1603 4014 1777 4077 omni
1820 4014 1897 4075 fi-

385 4114 579 4178 ducia
617 4113 998 4193 fervidoque
1037 4130 1254 4175 amore
1293 4112 1492 4173 Deum
1534 4130 1890 4193 precemur,

2001 1947 2299 2026 quamvis
2341 1947 2461 2009 hoc
2512 1948 2700 2010 modo
2740 1948 2806 2008 in
2846 1945 3139 2009 Oratione
3186 1945 3504 2007 dominica

1999 2045 2207 2125 accipi
2238 2045 2455 2127 possit,
2480 2046 2933 2126 congruentius
2964 2056 3173 2107 tamen
3202 2044 3347 2106 aliis
3378 2062 3505 2105 mo-

2001 2143 2100 2204 dis
2133 2144 2197 2204 in
2238 2162 2313 2205 ea
2342 2144 2711 2225 suscipitur.
2746 2145 2913 2205 sicut
2944 2144 3211 2205 dicetur.
3246 2142 3505 2204 Verum-

2002 2250 2239 2313 tamen,
2274 2242 2428 2323 quia
2466 2243 2529 2304 in
2570 2242 2769 2305 Μίδεω
2806 2242 3026 2304 officio
3068 2241 3383 2303 orationes
3424 2240 3503 2301 ad

2005 2358 2341 2420 personam
2396 2340 2591 2402 Patris
2640 2341 3065 2404 communiter
3114 2340 3499 2419 diriguntur,

2003 2438 2157 2499 dum
2198 2437 2407 2501 Oratio
2454 2439 2773 2501 dominica
2816 2440 2883 2500 in
2936 2438 3053 2500 hoc
3096 2436 3315 2501 officio
3366 2454 3505 2518 pro-

2005 2538 2355 2611 nuntiatur,
2405 2556 2635 2600 nomen
2694 2538 2888 2619 patris
2937 2536 3351 2619 personaliter
3398 2554 3497 2595 su·

2003 2635 2215 2698 mitur.
2240 2634 2546 2708 Secundo,
2578 2644 2753 2718 pater
2781 2636 3015 2699 dicitur
3046 2634 3495 2717 redemptione,

2002 2734 2184 2815 juxta
2227 2734 2385 2795 illud
2425 2733 2597 2796 lsaiae
2644 2734 2971 2816 propheta*
3004 2752 3017 2796 :
3054 2734 3170 2802 Tu,
3214 2732 3497 2798 Domine,
3530 2755 3789 2803 aumas.

2007 2840 2186 2913 pater
2214 2839 2427 2894 noster
2456 2840 2517 2893 et
2548 2833 2911 2915 redemptor
2940 2840 3173 2898 noster,
3206 2850 3243 2893 a
3272 2830 3503 2892 saeculo

2007 2948 2236 2993 nomen
2290 2940 2493 2992 tuum.
2530 2930 2605 2992 Et
2652 2931 2745 2993 sic
2794 2950 3015 2992 rursus
3064 2938 3241 3011 pater
3288 2946 3504 3011 perso-

1933 3032 1976 3095 C
2007 3029 2235 3091 naliter
2273 3028 2529 3101 dicitur,
2574 3030 2891 3110 loquendo
2941 3030 3018 3090 de
3068 3028 3504 3109 redemptione

2006 3147 2132 3190 non
2174 3128 2379 3190 solum
2412 3126 2708 3191 effective
2749 3128 2935 3193 dicta.
2972 3128 3081 3189 sed
3122 3135 3182 3189 et
3218 3126 3505 3189 ministe-

2007 3227 2247 3289 rialiter
2293 3225 2599 3300 exhibita,
2652 3227 3003 3288 secundum
3054 3227 3223 3307 quod
3280 3226 3504 3289 modus

2006 3325 2463 3407 redemptionis
2505 3325 2627 3386 fuit
2668 3343 2781 3407 per
2820 3324 2958 3386 Filii
3004 3324 3359 3406 passionem
3400 3342 3506 3385 ex·

2004 3424 2247 3486 hibitus
2282 3442 2297 3486 ε
2332 3432 2393 3485 et
2436 3424 2527 3485 sic
2569 3424 2687 3487 soli
2730 3424 2887 3485 Filio
2926 3423 3223 3486 convenit
3271 3441 3501 3485 nomen

2008 3522 2225 3604 patris.
2268 3522 2497 3595 Tertio,
2544 3530 2720 3603 pater
2762 3522 2995 3583 dieitur
3045 3521 3504 3603 praedestinati-

2003 3639 2144 3695 one,
2183 3628 2251 3682 ut
2290 3640 2491 3702 quum
2530 3621 2618 3683 ait
2645 3620 2983 3702 Apostolus
3021 3621 3097 3681 ad
3140 3618 3443 3702 Ephesios
3479 3638 3494 3683 :

2002 3718 2211 3781 Gratia
2240 3718 2419 3780 vobis
2450 3726 2511 3779 et
2544 3738 2663 3800 pax
2692 3738 2730 3779 a
2757 3717 2883 3781 Deo
2912 3717 3090 3779 Patre
3122 3726 3351 3789 nostro,
3383 3718 3495 3798 qui
3540 3736 3789 3793 apetamus,

2006 3816 2476 3899 praedestinavit
2516 3836 2628 3879 nos
2664 3817 2729 3877 in
2768 3816 3171 3897 adoptionem
3214 3814 3495 3877 filiorum
3526 3802 3567 3842 ⁵·

2005 3934 2120 3997 per
2145 3914 2359 3976 Iesum
2393 3914 2733 3977 Christum.
2768 3913 3019 3989 Quarto,
3058 3922 3235 3996 pater
3267 3914 3500 3975 dicitur

2004 4013 2342 4083 creatione,
2388 4012 2737 4073 secundum
2778 4011 2936 4073 illud
2978 4012 3442 4075 Deuteronomii
3481 4030 3494 4074 ε

2003 4110 2328 4191 Numquid
2360 4128 2483 4172 non
2518 4110 2652 4190 ipse
2683 4118 2780 4171 est
2808 4118 2986 4191 pater
3015 4118 3184 4182 tuuS‚
3218 4110 3329 4191 qui
3363 4128 3500 4191 pos·
3530 4135 3791 4183 omnm...

385 4214 680 4277 Christus
729 4211 822 4273 sic
873 4211 1303 4273 inchoandum
1347 4210 1600 4273 edocuit
1637 4230 1650 4272 :
1691 4211 1888 4273 Pater.
1926 4214 1975 4275 D
2005 4209 2167 4271 sedit
2216 4216 2298 4283 tc,
2333 4216 2395 4269 et
2442 4206 2614 4281 fecit,
2649 4216 2714 4269 et
2751 4208 2987 4270 creavit
3030 4211 3129 4270 te?
3161 4208 3331 4270 Fecit
3380 4209 3499 4271 uti-
3528 4200 3567 4241 ⁰·

384 4312 522 4386 Quo
561 4310 823 4374 nomine
863 4309 1052 4371 etiam
1093 4308 1601 4371 benevolentiam
1641 4308 1748 4371 Dei
1795 4328 1897 4371 ca-

387 4418 668 4493 ptamus.
703 4407 826 4470 Sed
865 4426 1202 4470 caveamus
1245 4425 1324 4468 ne
1364 4407 1768 4468 inveniamur
1804 4408 1897 4470 in-

385 4508 563 4589 digni
606 4506 806 4569 Deum
845 4504 1230 4567 altissimum
1274 4511 1516 4586 patrem
1549 4522 1795 4567 vocare.
1830 4505 1892 4567 Si

385 4608 562 4669 enim
597 4604 792 4667 rebus
831 4602 1080 4675 creatiS,
1115 4602 1294 4665 vanis
1335 4609 1397 4664 et
1429 4601 1664 4665 vilibus
1695 4604 1894 4684 magis

386 4724 585 4787 quam
635 4702 756 4765 sibi
811 4701 1218 4775 inhaeremuS,
1271 4700 1322 4763 si
1373 4700 1895 4781 transgrediendo

385 4803 610 4867 divina
659 4806 998 4883 praecepta,
1052 4798 1264 4880 ipsum
1315 4799 1794 4873 inhonoramuS,
1841 4799 1890 4860 si

385 4908 596 4965 creata
625 4897 906 4979 amplius
936 4915 1129 4978 quam
1161 4896 1514 4960 Creatorem
1547 4897 1894 4979 quaerimus

385 5008 452 5063 et
481 5015 797 5068 amamuS‚
833 5013 1092 5076 prorsus
1133 4994 1376 5075 indigni
1419 5014 1640 5057 sumus
1680 4995 1894 5077 ipsum

387 5106 635 5181 patrem
681 5111 948 5163 vocare:
983 5112 1100 5154 nec
1149 5093 1314 5154 inter
1355 5092 1524 5155 filios
1574 5112 1720 5156 suos
1769 5093 1896 5155 ele-

386 5205 523 5260 ctos
553 5213 668 5258 nos
699 5198 1049 5273 computat,
1075 5191 1185 5253 sed
1217 5199 1518 5272 tanquam
1549 5193 1890 5272 degeneres

385 5314 464 5358 ac
515 5291 808 5366 rebelles,
857 5297 1160 5371 tanquam
1212 5288 1444 5371 impios
1499 5298 1562 5351 et
1615 5290 1889 5370 ingratos

2004 4328 2131 4389 que
2162 4317 2475 4389 quantum
2515 4308 2593 4369 ad
2625 4325 2877 4388 corpuS,
2914 4307 3151 4369 creavit
3188 4313 3497 4389 quantum

2004 4407 2081 4468 ad
2111 4406 2413 4479 animam,
2449 4412 2511 4466 et
2552 4405 2828 4485 possedit
2870 4406 3218 4467 secundum
3263 4412 3503 4466 utrum-

2004 4522 2153 4586 que.
2180 4503 2431 4577 Quinto,
2466 4503 2699 4565 dicitur
2729 4510 2907 4585 pater
2938 4502 3373 4565 sacramentali
3406 4520 3503 4563 re-

2001 4603 2431 4683 generatione,
2468 4609 2657 4683 prout
2698 4601 2760 4663 in
2805 4602 3011 4683 prima
3050 4620 3163 4663 sua
3192 4600 3503 4663 Canonica

2005 4700 2289 4782 loquitur
2317 4699 2535 4762 Petrus
2572 4718 2585 4761 :
2622 4699 2993 4761 Benedictus
3032 4699 3195 4761 Deus
3235 4706 3296 4761 et
3323 4698 3501 4761 Pater
3532 4722 3793 4771 iren-...a

2003 4796 2253 4860 Domini
2299 4797 2496 4859 nostri
2533 4795 2679 4857 Jesu
2719 4795 2970 4869 Christi,
3013 4796 3121 4877 qui
3176 4814 3501 4876 regenera-

2007 4896 2098 4959 vit
2135 4914 2249 4957 nos
2288 4895 2353 4956 in
2396 4914 2573 4976 spem
2616 4893 2847 4956 vivam.
2882 4894 3089 4969 Sexto,
3124 4894 3355 4957 dicitur
3395 4913 3503 4977 pa-

2006 5002 2100 5056 ter
2129 4992 2282 5055 fidei
2316 4992 2753 5066 instructione,
2785 4992 2965 5072 juxta
3004 4992 3161 5055 illud
3190 4991 3445 5055 Joannis
3482 5011 3495 5055 ε

2002 5091 2320 5171 Quotquot
2344 5097 2553 5150 autem
2590 5097 2965 5170 receperunt
2994 5108 3163 5163 eum,
3198 5090 3368 5151 dedit
3408 5090 3499 5151 eis
3528 5116 3794 5165 ammana„

2004 5197 2373 5271 potestatem
2428 5186 2597 5250 lilios
2652 5186 2755 5247 Dei
2809 5185 2975 5249 sieri.
3021 5186 3324 5267 Septimo,
3361 5206 3501 5269 gra·
3556 5248 3667 5293 nom
3706 5260 3776 5289 m

2001 5287 2104 5350 tiae
2149 5286 2509 5368 adoptione,
2558 5285 2805 5348 dicente
2854 5284 3155 5367 Apostolo
3188 5303 3203 5348 ε
3236 5285 3500 5369 Accepi·
3531 5314 3596 5356 ιε.
3672 5277 3684 5290 ’
3783 5276 3793 5297 ’
